3324 5146
324 1328 468 1448 dieique·
487 1363 589 1446 pretii
611 1363 690 1430 liber
712 1369 766 1446 est,
796 1363 849 1430 eui
876 1363 916 1430 G.
939 1363 986 1430 H.
1010 1363 1106 1430 Perta
1129 1365 1157 1430 b.
1180 1386 1221 1430 m.
1246 1365 1395 1432 Annales

190 1495 196 1514 x
216 1453 476 1522 Mediolanenses
490 1451 627 1518 maiores
642 1451 815 1536 inscripsit,
839 1452 984 1535 qmmm's
1006 1459 1116 1519 auctor
1134 1474 1200 1518 non
1215 1453 1392 1520 annalista·

215 1566 291 1609 rnm
318 1565 404 1609 more
432 1564 484 1608 res
513 1541 657 1607 diversas
683 1541 771 1608 nullo
794 1541 861 1608 nisi
883 1540 1031 1626 temporis
1053 1541 1165 1608 ordine
1187 1549 1310 1608 serrato
1332 1563 1392 1608 666

115 1703 118 1710 ,
217 1632 338 1699 moriae
367 1631 546 1712 tradiderit,
577 1633 634 1696 sed
654 1652 692 1696 66
714 1637 838 1698 tantum
860 1651 941 1714 qnae
963 1629 1153 1700 Friderious
1175 1629 1348 1713 imperator
1368 1652 1393 1696 a

209 1721 320 1804 primo
348 1720 386 1786 in
415 1718 645 1785 Lombardiam
673 1717 821 1802 inpressu
853 1741 885 1784 a.
910 1723 1006 1784 1154.
1040 1739 1138 1800 nsque
1171 1721 1216 1785 ad
1247 1717 1392 1786 indutias
1418 1731 1420 1735 '

216 1831 249 1874 6.
265 1815 360 1874 1177.
383 1809 488 1889 foetas
508 1813 619 1874 eontra
634 1807 892 1874 Mediolanenses
911 1806 1043 1890 aesserit
1065 1813 1094 1874 et
1116 1808 1392 1890 666661666161161

216 1896 511 1964 Mediolanensinm
533 1902 644 1962 eontra
667 1895 808 1964 ciuitates
829 1895 881 1962 illi
902 1896 1083 1976 foederatos
1097 1902 1182 1962 mota
1197 1895 1390 1978 narraverit,

215 2008 257 2052 ne
284 2008 387 2052 annos
416 1985 550 2068 quiden,
581 1983 694 2067 quilius
720 2005 772 2050 res
795 1991 901 2068 aestas
927 1983 1002 2066 sint,
1033 1983 1147 2068 611666
1173 1983 1392 2066 adnotaverit;

215 2077 301 2141 unde
329 2075 426 2140 multo
455 2073 559 2156 mauis
587 2072 731 2139 conuenit
765 2073 846 2138 libro
877 2073 988 2138 1116166
1021 2094 1112 2155 quem
1140 2073 1222 2140 alter
1251 2072 1392 2140 rodinum

135 2211 138 2215 -
209 2163 447 2248 praesnimum
462 2164 613 2244 praebet:
636 2163 744 2230 Gesta
767 2163 924 2230 Federiei
946 2163 1163 2248 imperatoris
1185 2164 1223 2228 in
1240 2163 1391 2228 Lonbar·

218 2255 307 2332 dini,
332 2251 440 2317 addito
463 2257 590 2316 anslaro
612 2249 677 2316 eioe
700 2249 948 2316 Mediolanensi.

326 2341 415 2407 Nam
430 2339 508 2406 oiois
522 2338 787 2421 Mediolanensis‚
811 2360 877 2404 non
892 2337 1033 2422 oleribus,
1055 2337 1157 2419 fnisse
1178 2337 1311 2421 oidetnr,
1336 2338 1392 2422 qni

217 2429 296 2495 dioit
323 2451 357 2495 se
385 2450 489 2494 mense
518 2427 783 2494 1161661161.
812 2427 897 2494 inter
926 2449 977 2494 eos
1004 2427 1132 2494 electum
1154 2449 1228 2509 esse,
1258 2447 1392 2508 qnorum

217 2519 361 2584 arbitrio
378 2539 517 2584 annona
533 2521 568 2582 eb
584 2519 704 2584 vinum
726 2521 763 2583 ei
785 2538 915 2584 merses
931 2517 1163 2586 venderentur
1186 2521 1221 2584 61
1244 2517 1392 2604 pesunia

217 2612 340 2673 muiuo
357 2609 507 2684 daretur,
531 2603 587 2688 qni
609 2605 731 2672 eumin
745 2607 823 2672 urbe
839 2605 1079 2672 Mediolanensi
1100 2607 1225 2672 obsessa
1247 2609 1390 2670 61162.

216 2694 346 2762 inermis
373 2695 517 2760 monimo
543 2694 655 2777 inopia
681 2701 771 2777 esset,
802 2701 924 2776 quanta
946 2693 1087 2778 peonnia
1116 2715 1244 2760 earnem
1272 2691 1390 2774 emerit,

216 2783 349 2866 indiam,
373 2783 429 2865 qni
450 2783 487 2848 in
503 2783 636 2866 proloqo
651 2781 743 2865 dinit,
767 2803 847 2866 qnae
861 2782 991 2848 uidisset
1005 2789 1035 2847 et
1049 2781 1222 2848 audivisset
1243 2803 1276 2846 se
1295 2781 1391 2864 sorio

216 2871 307 2938 sisse.
352 2871 434 2938 Fuit
459 2871 511 2936 eir
532 2869 620 2936 mitis
641 2892 680 2936 ao
702 2869 860 2936 mansneti
886 2867 999 2953 animi,
1030 2869 1124 2954 aequi
1152 2869 1267 2936 indieii
1295 2869 1391 2936 ettam

216 2959 255 3026 in
277 2961 387 3042 hostes,
410 2959 555 3026 veritatis
577 2981 700 3041 amans,
724 2980 815 3042 quem
836 2959 907 3024 inre
928 2959 980 3026 W.
1005 2959 1042 3024 de
1062 2957 1282 3026 Giesebreelet³
1304 2959 1332 3026 b·
1347 2979 1390 3022 m.

216 3070 337 3131 maana
373 3049 467 3114 lande
503 3047 626 3130 extulit,
663 3047 868 3130 simplicioris
901 3047 1026 3132 quidem
1058 3046 1183 3131 inaenii
1215 3053 1244 3112 et
1269 3067 1391 3129 parum

217 3137 384 3217 litteratus,
414 3143 517 3219 616616
545 3135 672 3202 rudiori
699 3143 729 3202 et
756 3135 897 3220 impolito
925 3136 998 3202 slilo
1025 3158 1110 3218 usus,
1141 3141 1248 3202 tomen
1274 3134 1391 3201 librum

216 3225 329 3308 moeni
356 3224 540 3305 faciendum
562 3231 591 3291 et
612 3247 736 3291 summa
764 3225 828 3306 fide
856 3225 987 3309 dianam
1008 3223 1147 3310 posteris
1168 3223 1305 3308 reliquit,
1336 3223 1392 3306 qni

210 3320 287 3396 post
306 3314 429 3380 Ottonis
443 3315 602 3380 Morenae
623 3314 783 3398 eareainm
805 3335 883 3398 opus
904 3314 989 3380 inter
1006 3314 1111 3395 sontes
1125 3335 1233 3380 rerum
1247 3312 1285 3378 in
1299 3312 1391 3378 Lom-

221 3487 248 3555 1)
266 3489 409 3555 Quaedam,
428 3504 483 3541 non
501 3491 601 3556 munia,
619 3495 650 3540 ut
667 3495 761 3541 auetor
779 3491 870 3542 omnia
884 3489 1075 3556 praetermisit,
1097 3503 1165 3556 quae
1182 3487 1392 3540 Mediolanenses

216 3565 312 3612 eontra
323 3560 477 3612 Laudenses
493 3566 611 3626 6666661,
631 3561 697 3627 quin
714 3562 797 3613 immo
813 3561 921 3612 silentio
938 3561 1066 3612 transisit
1081 3559 1207 3610 Laudem
1224 3560 1355 3612 6161161666
1372 3575 1391 3611 a

218 3631 462 3684 Mediolanensibus
487 3633 648 3683 destructam
665 3637 690 3684 et
706 3632 741 3683 ab
758 3633 918 3700 imperatore
934 3632 1141 3697 reaedifioalam,
1161 3631 1310 3683 0666666666
1327 3632 1391 3682 oisi-

219 3704 301 3754 tatem
319 3702 560 3755 Mediolanensibus
577 3703 722 3768 subactam,
748 3719 815 3771 quae
832 3703 891 3755 ideo
908 3705 1026 3755 omisisse
1042 3703 1155 3768 ridetur,
1179 3717 1212 3754 ne
1235 3702 1391 3753 memoriam

219 3773 390 3824 iniuriarum
403 3773 532 3825 Onmanis
548 3779 572 3826 st
589 3773 777 3828 Lsudsrssibus
793 3791 811 3826 a
823 3773 1066 3826 Mediolanensibus
1082 3774 1226 3826 1116166666
1243 3776 1390 3837 6666ω661,

216 3859 278 3894 mem
295 3857 324 3896 so
342 3849 463 3910 16666666,
489 3859 541 3910 quo
565 3845 702 3912 suibebal,
729 3845 779 3900 leae
798 3847 916 3897 6161166166
933 3843 1175 3896 Mediolanensibus
1192 3843 1295 3906 foedere
1311 3840 1391 3894 Lout-

218 3914 328 3966 barilioo
339 3916 452 3966 66616166
462 3919 553 3968 mem.
581 3915 701 3968 Monstra
711 3918 802 3968 omnia
813 3922 906 3967 6666166
917 3915 1061 3982 Papimses
1071 3919 1132 3964 aeta
1143 3914 1244 3979 eopiosa
1254 3914 1390 3978 66666611,

216 4001 278 4036 aem
295 3985 327 4036 ln·
342 3986 423 4037 etiam
441 3991 503 4036 tuno
519 3985 763 4040 Mediolanensibus
779 3987 873 4050 infesti
888 3992 979 4040 essent.
1042 3983 1071 4050 2)
1086 3984 1151 4036 Vere
1167 3985 1199 4035 irs
1215 3982 1389 4048 lombardis,

219 4071 285 4108 nam
302 4056 409 4108 nuliam
424 4071 508 4123 panse
525 4072 582 4108 rem
598 4063 678 4109 aetra
695 4057 887 4110 Iambardiarn
910 4061 1012 4121 amm
1030 4060 1140 4123 praeter
1159 4054 1308 4108 6166116666
1324 4054 1391 4108 6166-

217 4143 280 4178 rum
295 4127 454 4194 pontificum
472 4143 499 4180 6.
512 4128 590 4182 1169.
615 4133 710 4179 medor
732 4129 867 4192 narravit,
892 4143 924 4179 ne
942 4132 1014 4194 posis
1030 4126 1135 4194 quidem
1152 4142 1179 4178 6.
1194 4126 1272 4180 1167.
1291 4125 1392 4180 Ranae

217 4200 362 4250 samm
378 4199 551 4265 imperatoris
566 4199 710 4250 6661611666
726 4213 780 4250 esse
797 4198 1014 4252 eommunoraoii.
1050 4197 1156 4250 1116666
1168 4197 1249 4250 Gesta
1260 4197 1389 4262 Fanni,

217 4284 278 4320 eum
295 4270 327 4320 de
343 4269 423 4322 rebus
439 4283 466 4322 6.
481 4270 665 4323 llos-1173
689 4270 719 4320 in
735 4268 903 4322 lombardia
919 4269 1008 4334 666116,
1031 4283 1092 4320 enm
1109 4271 1258 4336 imperator
1275 4269 1306 4320 in
1325 4268 1391 4322 Ger·

219 4341 316 4393 666616
327 4346 400 4405 esset,
419 4341 526 4392 omnino
536 4339 609 4390 nibil
618 4339 749 4394 retulerit.
781 4340 823 4404 Of.
835 4341 915 4404 infra
929 4355 958 4408 p.
972 4340 1015 4393 flu
1050 4339 1145 4390 1111666
1156 4339 1329 4392 Mamertus
1343 4337 1392 4391 lese

216 4413 400 4533 ffffh
382 4427 429 4532 666
444 4411 565 4536 66636ὂ1ἑη
548 4410 625 4538 nessogbo
642 4410 741 4464 librum
758 4412 906 4480 inson‘psii.
959 4410 987 4478 8)
999 4409 1231 4476 ‘Foesolsunosnu
1244 4409 1392 4464 mnu

245 4497 285 4532 ese
305 4522 311 4536 .
412 4520 420 4547 ,
437 4499 466 4549 p.
622 4523 628 4537 .
