3324 5146
292 527 417 582 ensTA
434 526 615 582 FEDERIGI
632 525 655 580 1.
674 525 941 590 IMPERATORIS
960 525 1002 580 IN
1020 525 1260 582 LOMBARDIA.
1332 530 1366 582 81

189 712 377 795 temptoria
407 731 469 774 sua
498 730 603 794 prope
635 709 802 774 Sanctum
832 709 971 774 Celsum
1000 710 1149 793 poenita,
1180 710 1367 793 imperator
1377 725 1455 780 1158.

192 802 229 863 in
253 800 391 864 sollario
415 799 550 883 Templi
576 800 619 862 de
641 797 775 862 brolio1
798 798 1006 874 morabatur,
1038 802 1074 862 et
1105 798 1165 861 alii
1195 799 1366 882 principes

189 893 228 953 et
252 889 408 952 civitates
433 889 524 952 circa
547 908 626 951 eum
648 907 765 950 versus
789 890 948 951 sanctum
972 886 1176 964 Dionisium,
1200 907 1261 951 rex
1284 887 1367 951 Boe

190 970 375 1040 mitarumb
404 997 483 1040 oum
506 977 593 1039 duce
616 980 652 1039 et
675 976 833 1059 episcopo
861 975 898 1038 in
921 976 1128 1039 monasterio
1152 976 1264 1039 sancti
1288 975 1366 1039 Dio·

192 1066 272 1129 nisii
296 1070 331 1130 et
356 1066 446 1128 circa
468 1065 654 1148 temptoria
677 1085 739 1127 sua
762 1067 961 1148 posuerunt.

301 1153 549 1236 Cogitaverunt
573 1157 689 1216 autem
712 1152 987 1216 Mediolanenses
1012 1171 1053 1215 ea
1076 1153 1141 1228 die,
1173 1153 1265 1235 quod
1295 1173 1366 1236 pos·

192 1246 271 1306 sent
293 1242 468 1306 Boemitas
499 1261 668 1325 superare,
700 1242 780 1323 quia
811 1244 923 1304 castra
946 1261 1008 1304 sua
1032 1261 1052 1303 a
1076 1241 1196 1304 castris
1222 1241 1367 1304 aliorum

192 1331 366 1394 modicum
395 1333 494 1394 erant
523 1333 692 1413 separata.
743 1329 789 1392 Et
819 1329 946 1410 egressi
975 1332 1053 1412 post
1082 1345 1240 1412 vesperas
1269 1329 1367 1392 mira-

193 1419 310 1484 biliter
334 1423 415 1482 sunt
438 1439 495 1482 eos
519 1419 656 1500 agressi,
688 1421 723 1482 et
746 1419 934 1480 maximum
956 1417 1104 1500 prelium
1126 1421 1211 1481 tunc
1233 1417 1368 1480 factum

191 1508 270 1585 fuit,
295 1509 332 1570 in
348 1528 415 1590 quo
431 1507 534 1570 multi
558 1507 601 1570 ab
617 1510 764 1588 utraque
788 1509 886 1590 parte
909 1506 1171 1570 interciderunt.
1218 1505 1368 1590 Impera·

189 1600 267 1660 tore
291 1600 409 1660 autem
433 1617 511 1659 cum
534 1595 602 1658 alio
627 1595 780 1659 exercitu
804 1595 1032 1658 11111111111112
1057 1595 1203 1676 regressi
1227 1598 1308 1658 sunt
1330 1596 1367 1657 in

194 1685 379 1749 civitatem.
438 1683 506 1748 Sed
539 1685 644 1746 turris
680 1684 828 1766 quedam
862 1683 1012 1766 lapidea,
1052 1683 1220 1746 mirabilis
1254 1703 1366 1766 opere,

193 1773 324 1856 posita⁰
358 1778 432 1838 erat
460 1773 498 1835 in
527 1773 584 1836 via
613 1792 679 1855 que
709 1773 806 1835 vadit
829 1771 1090 1853 Melegnanum,
1121 1775 1202 1835 ante
1232 1775 1368 1854 portam

192 1862 384 1925 Romanam
418 1862 516 1924 iuxta
545 1862 663 1924 domos
692 1860 939 1936 malsanorum,
976 1863 1011 1924 et
1040 1860 1228 1923 vocabatur
1258 1860 1368 1923 Arcus

188 1951 382 2027 Romanus,
419 1951 581 2033 quoniam
610 1952 775 2032 quattuor
805 1969 903 2011 arcus
933 1948 1077 2012 inferius
1107 1947 1270 2011 habebat.
1322 1948 1367 2011 Et

194 2039 383 2116 dicebatur,
401 2040 492 2120 qnod
507 2039 664 2116 Romani,
682 2038 821 2121 quando
833 2036 1070 2100 Mediolanum
1085 2036 1366 2118 subiugaverunt,

191 2128 230 2189 in
253 2128 391 2209 signum
413 2127 555 2190 victorie
579 2147 655 2190 eam
674 2127 958 2191 hedificaverunt.
996 2125 1271 2189 Mediolanenses
1287 2144 1368 2210 vero

193 2218 446 2299 proposuerunt
463 2234 538 2278 eam
554 2215 740 2278 defendere
764 2219 799 2279 et
816 2215 1007 2278 custodiam
1023 2213 1060 2275 in
1076 2234 1152 2277 earn
1167 2217 1367 2297 posuerunt.

194 2303 263 2366 Sed
293 2303 385 2367 bello
415 2303 552 2387 publice
588 2303 631 2367 ab
661 2303 867 2386 imperatore
902 2303 1046 2378 indicto,
1083 2303 1166 2365 dum
1195 2322 1368 2386 oppugna·

471 2459 686 2524 Oodeymelli
707 2457 871 2509 Libellus
895 2457 1088 2510 tristitiae.

190 2545 350 2612 quindecim
362 2545 445 2614 milia,
464 2545 588 2614 peditum
607 2549 635 2598 et
651 2545 766 2598 aliorum
784 2544 943 2597 virorum
962 2561 1018 2596 non
1031 2547 1089 2597 erat
1101 2561 1239 2600 numerus.
1269 2541 1368 2596 Archi·

192 2617 337 2686 episcopus
351 2616 518 2670 Oollonensis
537 2617 655 2670 tentoria
668 2633 716 2669 sua
728 2632 814 2682 prope
828 2613 961 2668 Sanctum
974 2614 1083 2668 Celsum
1101 2615 1200 2683 posuit,
1219 2615 1369 2683 imperator

189 2687 356 2742 1111111111(ἰ
373 2688 481 2756 Templi
494 2688 528 2740 de
540 2688 627 2740 brolio
640 2687 808 2753 morabatur,
827 2689 855 2738 et
873 2685 919 2738 alii
936 2686 1073 2753 principes
1092 2690 1120 2738 et
1138 2686 1261 2740 civitates
1280 2686 1369 2739 eirca²

191 2758 326 2812 Sanctum
351 2759 513 2825 Dionisium,
537 2775 594 2810 rex.
611 2774 696 2810 vero
721 2757 910 2809 Boemitarum
935 2773 997 2808 cum
1023 2757 1113 2810 (1111θ
1136 2761 1164 2810 11
1187 2757 1314 2824 episcopo
1340 2757 1369 2808 in

191 2829 359 2882 monasterio
378 2829 465 2882 sancti
483 2828 598 2880 Dionisii
615 2828 734 2880 tentoria
753 2844 802 2878 sua
819 2830 977 2894 posuerunt.

301 2899 498 2970 Cogitaverunt
516 2903 607 2951 autern
625 2897 844 2951 Mediolanenses
870 2913 902 2949 ea
927 2896 978 2963 die,
1004 2895 1077 2962 quod
1101 2900 1213 2963 possent
1230 2895 1369 2949 Boemitas
1379 2909 1422 2956 (13)

190 2987 330 3039 superare,
357 2971 421 3038 quia
447 2974 535 3023 castra
560 2987 681 3022 eorum
707 2968 835 3021 acastris
861 2967 976 3020 aliorum
996 2970 1074 3019 erant
1091 2971 1223 3034 separata.
1260 2966 1370 3036 Egressi

190 3042 235 3095 de
261 3043 418 3095 civitate
442 3041 603 3094 mirabiliter
624 3057 701 3093 cum
720 3040 764 3092 eis
783 3041 846 3092 sunt
864 3037 1020 3106 preliati
1038 3040 1066 3090 et
1083 3037 1234 3090 maximum
1252 3039 1369 3106 prelium

190 3129 271 3166 curn
299 3113 350 3166 eis
378 3112 564 3179 fecerunt,
593 3114 628 3164 11
652 3111 731 3165 multi
757 3111 791 3164 ab
817 3113 933 3177 utraque
957 3112 1036 3177 parte
1063 3111 1148 3162 sunt
1171 3109 1306 3163 mortui
1335 3113 1370 3162 11

190 3184 389 3238 vulnerati.
426 3181 617 3251 imperatoref
639 3186 731 3236 autem
754 3199 818 3235 cum
841 3181 963 3234 exercitu
986 3197 1048 3234 suo
1072 3180 1234 3234 adveniente
1253 3181 1369 3250 regressi

189 3255 304 3307 suntin
323 3255 469 3310 civitatem.
507 3253 563 3307 Sed
581 3255 662 3306 turris
682 3253 799 3321 quedam
817 3252 935 3306 mirabili
953 3251 1056 3305 modo
1075 3255 1292 3305 constructa
1311 3257 1370 3305 erat

193 3325 222 3377 in
244 3325 289 3378 via
314 3343 367 3394 que
392 3325 468 3378 vadit
492 3323 706 3396 Melegnianum,
732 3327 795 3377 ante
819 3328 928 3392 portam
953 3323 1116 3389 Romanam,
1142 3321 1219 3374 iuxta
1243 3322 1369 3375 domum

189 3396 441 3464 infirmorum,
467 3413 533 3464 que
556 3396 705 3450 vocabatur
724 3395 813 3448 Arcus
831 3393 980 3461 Romanus,
1006 3393 1136 3460 quoniam
1155 3396 1273 3460 quatuor
1291 3410 1369 3446 arcus

193 3467 305 3520 inferius
333 3467 460 3522 habebat.
505 3466 543 3520 Et
570 3468 719 3533 dicebatur,
751 3465 825 3532 quod
852 3464 985 3531 Romani,
1018 3462 1127 3530 quando
1155 3464 1370 3534 subiugaverunt

195 3537 409 3606 *Mediolanum
428 3538 457 3590 in
476 3537 585 3608 signum
602 3538 715 3591 victorie
734 3553 794 3588 eam
812 3535 1065 3590 hedificaverunts.
1102 3533 1212 3602 Quam
1230 3539 1368 3589 turrem
1379 3545 1412 3594 *1.
1420 3546 1467 3588 sec.

191 3607 413 3662 Mediolanenses
431 3612 630 3678 proposuerant
647 3610 885 3660 manutenere
904 3609 939 3659 et
957 3605 1104 3659 defendere
1123 3609 1151 3659 et
1169 3606 1321 3658 custodiam
1339 3607 1369 3659 in

191 3697 256 3732 eam
274 3679 462 3748 posuerunth.
500 3679 556 3734 Sed
580 3680 651 3734 bello
674 3679 783 3748 publice
802 3679 836 3732 ab
854 3677 1020 3746 imperatore
1044 3677 1203 3745 incepto,
1229 3677 1295 3730 dum
1321 3678 1368 3731 ob-

194 3841 216 3886 a)
230 3839 339 3886 sieB.P,·
354 3837 436 3888 posue?
450 3840 476 3880 A.
523 3840 546 3887 b)
561 3841 713 3879 Boemitarum
728 3840 748 3881 h.
758 3841 772 3881 1,
786 3840 813 3880 A.
855 3841 875 3886 c)
890 3838 961 3887 polita
975 3837 1001 3880 A,
1047 3835 1070 3884 d)
1084 3837 1115 3874 sie
1128 3813 1209 3885 m),-
1223 3837 1328 3876 solarolio
1342 3838 1368 3879 Β.

194 3895 216 3939 1)
230 3893 260 3930 sie
274 3892 340 3939 RA;
362 3890 419 3931 duee
434 3896 457 3930 et
471 3903 512 3934 om.
526 3893 551 3934 B.
618 3895 680 3940 osio
694 3893 772 3938 P(ubi
785 3903 826 3931 suo
841 3895 925 3940 exerc.)
939 3901 986 3928 cum
1001 3890 1033 3938 A,
1055 3891 1181 3938 Imperator
1194 3901 1215 3931 a.
1229 3901 1279 3928 eum
1294 3901 1367 3932 exerc.

190 3942 410 4048 {bdubdadlvllaoem
424 3955 527 3994 agressus
542 3950 582 3988 est.
596 3945 636 3985 sed
650 3947 675 3988 Β.
749 3948 772 3994 g)
788 3946 819 3984 sie
833 3946 899 3992 P.A;
920 3943 1099 3984 hedificauerant
1112 3944 1138 3985 Β,
1220 3942 1243 3993 h)
1257 3944 1288 3981 sie
1302 3944 1368 3990 Re,-

196 4140 222 4206 1)
239 4141 321 4208 Apud
339 4141 472 4193 ecclesiam
492 4140 615 4192 Omnium
633 4147 794 4206 sanctorum,
822 4155 888 4206 quae
906 4141 961 4203 fcit
983 4138 1205 4205 Templemcrum,
1232 4137 1368 4206 incapite

194 4210 276 4263 brolii
296 4212 354 4265 Orto
372 4213 442 4266 Mor.
463 4213 480 4266 l.
501 4213 518 4262 l.
534 4229 563 4278 p.
577 4211 638 4265 605.
717 4211 744 4277 2)
761 4212 953 4278 Imperatorem
971 4216 1034 4260 tunc
1051 4225 1105 4260 ece
1122 4209 1222 4261 adiisse
1239 4211 1276 4260 ad
1290 4225 1369 4276 proe-

196 4283 264 4334 lium
288 4291 402 4351 apparet
426 4299 459 4334 ae
483 4283 621 4336 Rehemin.
648 4281 703 4348 III,
723 4284 766 4336 38.
792 4289 816 4332 et
843 4282 893 4334 011.
912 4282 982 4334 Mor.
1005 4298 1033 4347 p.
1055 4282 1115 4334 606.
1140 4287 1164 4331 et
1186 4281 1259 4334 Viae.
1284 4281 1368 4346 Prae.

191 4355 288 4420 aava
300 4371 337 4421 sq.
369 4356 454 4406 Immo
472 4356 538 4406 aciei
557 4354 677 4406 Conradi
691 4354 813 4420 palatim
830 4353 919 4404 Rheni
936 4357 1103 4419 oppugnatae
1121 4351 1233 4403 Boheme'
1249 4352 1369 4404 euboeae

194 4431 270 4478 ruet.
346 4425 372 4491 3)
395 4427 480 4477 Verba
498 4441 561 4478 eum
579 4439 681 4490 versus,
707 4440 773 4490 quoe
791 4425 817 4476 A
842 4423 889 4475 boe
915 4425 968 4474 loco
987 4423 1070 4490 babet,
1097 4423 1170 4487 falso
1194 4424 1292 4474 omissa
1316 4439 1369 4475 esse

191 4503 309 4562 apparet
326 4512 359 4547 ex
378 4495 468 4548 Ottome
485 4497 596 4550 Morene
615 4497 633 4550 l.
653 4497 670 4550 l.
