3324 5146
309 481 835 542 GESTAFEDERIOII.1MP.m
852 483 1115 539 EXPEDITIONE
1134 483 1267 541 stom.
1341 489 1375 541 75

199 665 287 747 serit,
310 667 475 837 qaajdam,
499 671 534 730 nt
550 685 724 731 samonem
739 665 916 748 corriperet,
940 667 1108 732 mutaverit
1131 663 1208 745 (Sd.
1227 667 1373 748 XVIII,

192 776 230 836 p.
248 759 312 818 466
328 774 403 836 sq..

313 841 439 909 Codicis
472 841 716 926 Oadapneiliani
744 843 927 926 apoprapico
956 843 1057 910 codici
1085 843 1120 909 B
1148 843 1273 926 quidem
1302 850 1376 908 arta

200 933 340 1014 quadam
355 931 583 997 necessitudine
598 932 763 998 coniuncto
773 933 793 1014 1,
817 934 873 997 sed
893 932 950 997 aa
964 931 1092 998 ucetiare
1114 954 1192 997 usas
1214 939 1259 997 est
1281 933 1376 998 etiam

200 1019 399 1086 Francisaas
413 1019 561 1102 Prpinns,
586 1042 656 1086 cnm
670 1020 837 1087 chronicae
859 1042 936 1086 suae
958 1020 1042 1086 huna
1064 1021 1203 1086 libellam
1225 1042 1290 1086 non
1309 1021 1375 1103 pni-

201 1112 271 1174 dem
286 1110 331 1174 ad
343 1110 472 1174 uerbum
487 1109 721 1192 transcriptam,
745 1111 801 1175 sed
821 1109 924 1174 ambis
940 1110 1126 1191 pleramque
1148 1109 1278 1175 mutatis
1294 1109 1375 1191 poti-

200 1197 301 1280 tisque
327 1196 480 1263 insereret
488 1200 510 1261 2.
556 1199 709 1264 Attamen
738 1219 803 1264 non
832 1197 901 1263 sine
928 1198 1036 1278 frnatn
1064 1219 1135 1263 enm
1161 1199 1376 1264 consuluimus

200 1286 243 1351 iis
266 1284 351 1367 iocis,
376 1285 488 1368 quibus
510 1286 544 1351 B
566 1293 596 1352 et
617 1287 651 1351 P
669 1286 755 1352 inter
776 1308 810 1352 se
833 1285 1017 1366 differuntss.

308 1374 473 1440 Iohannes
499 1375 710 1457 Coctapnetins
738 1375 864 1457 quidem
893 1375 977 1441 nnnc
1004 1375 1142 1441 libellam
1164 1396 1230 1440 non
1255 1381 1291 1440 ut
1318 1374 1375 1440 Ge-

200 1470 321 1528 storum
342 1463 379 1528 in
394 1463 592 1530 Lornbardia
613 1485 765 1546 mapnam
780 1471 908 1546 partem
930 1464 1113 1530 retradaoit
1129 1485 1167 1530 aa
1182 1463 1374 1546 depravavit,

200 1555 256 1617 sed
282 1557 396 1635 tamen,
424 1558 460 1617 nt
484 1552 553 1618 iam
574 1551 640 1617 atio
663 1553 729 1619 ioco
752 1553 887 1619 bremter
908 1552 1068 1636 eaposui4,
1098 1573 1155 1617 sim
1177 1574 1263 1617 more
1285 1573 1375 1634 qnae·

201 1643 276 1706 dam
304 1642 401 1707 uerba
428 1641 554 1707 addidit
578 1641 628 1706 aei
653 1641 796 1707 mutauit.
847 1643 934 1723 Quae
964 1663 1034 1708 aum
1062 1641 1109 1706 ita
1137 1640 1211 1723 sint,
1242 1641 1377 1721 feliciter·

200 1729 311 1813 euenit,
334 1736 370 1795 ut
393 1729 548 1796 Sieardns
570 1729 732 1813 episcopas
759 1729 979 1797 Orenianensis
1001 1729 1104 1796 codiee
1127 1729 1261 1812 optimae
1284 1735 1377 1795 natae

201 1825 230 1883 et
245 1817 440 1900 perantiquo
462 1841 539 1884 usus
561 1840 600 1884 ea
622 1819 679 1885 icoc
701 1818 804 1884 auin
827 1825 972 1902 excerpta
997 1819 1097 1884 matta
1124 1818 1283 1885 chronicis
1309 1818 1377 1883 sais

200 1906 373 1973 inseruerit
381 1908 402 1972 ⁵.
453 1907 516 1990 Qui
542 1907 686 1990 anamais
713 1909 824 1974 rudem
851 1928 1026 1974 emmonem
1054 1906 1238 1990 capatioerit
1266 1913 1295 1973 et
1321 1907 1376 1972 ete·

199 1995 378 2078 pantiorem
406 1996 589 2080 reddiderit,
621 2003 727 2062 tamen
755 2017 822 2062 nan
844 1996 962 2079 paucis
990 1996 1067 2062 tacis
1088 1995 1184 2062 iudea
1207 1995 1311 2077 affuit,
1342 2001 1378 2060 nt

201 2084 411 2167 discernatur,
445 2091 516 2150 uter
545 2085 685 2151 codicum
718 2105 827 2150 aeram
860 2085 1022 2152 mationem
1048 2087 1215 2167 praebeat,
1251 2090 1281 2149 et
1309 2083 1377 2149 eins

202 2172 334 2256 aaadio,
357 2173 413 2239 nbi
434 2173 551 2256 reliqui
573 2175 763 2257 defecerunt,
786 2175 943 2256 quaedam
964 2177 1080 2240 ruenda
1103 2173 1219 2240 codicis
1241 2172 1275 2238 B
1297 2180 1377 2239 recte

203 2261 320 2344 corripi
336 2269 519 2344 potuerunt.

313 2351 472 2433 Quomodo
500 2351 600 2434 ipitur
622 2350 766 2417 sdsidia
788 2357 899 2416 nostra
927 2351 1012 2416 iuter
1033 2372 1066 2416 se
1089 2351 1285 2432 cohaereant,
1317 2350 1377 2415 ttae

201 2439 342 2522 imapine
364 2439 460 2519 facite
476 2440 657 2522 perspicere
673 2445 781 2522 potes:

706 2544 875 2613 Archetypis

697 2623 880 2837 (B

533 2865 702 3076 saara(
733 2863 1056 3089 Racdepnettns

885 3103 1050 3243 s&

755 3265 780 3314 A
861 3263 887 3314 Ρ
1043 3282 1063 3315 a

971 3344 1139 3481 Α

910 3502 1026 3570 Pipinus
1132 3501 1158 3552 Β

205 3644 232 3710 1)
250 3643 324 3708 Qum
341 3651 371 3697 nt
389 3645 551 3710 ostendatur,
578 3645 644 3697 dnos
665 3644 732 3697 toaas
749 3645 841 3710 affero.
883 3643 934 3696 Udi
956 3659 1018 3696 aera
1041 3643 1114 3695 lectio
1134 3650 1189 3695 est:
1213 3642 1378 3696 invenerunt

205 3713 411 3768 Turahomenos
434 3714 469 3768 de
487 3713 570 3768 Baria
594 3715 648 3781 (ael
671 3713 706 3768 de
724 3713 814 3780 Beria,
839 3716 909 3782 quod
932 3717 963 3767 tn
987 3715 1067 3766 dnbio
1091 3715 1295 3782 relinquendum
1318 3718 1376 3779 est).

205 3783 276 3839 Sunt
294 3785 366 3839 enim
386 3788 505 3856 agrestes
524 3785 635 3852 Turshi‚
659 3787 685 3838 P
700 3786 793 3840 habu:
818 3785 942 3839 Tarchon
960 3785 1125 3840 invenerunt
1142 3783 1241 3838 Menos
1266 3786 1378 3852 reliquis

204 3859 317 3924 omissis,
338 3858 379 3910 B:
397 3857 452 3910 inv.
465 3856 673 3910 turchosmanos
686 3855 720 3910 de
731 3856 830 3912 beriae.
843 3860 968 3925 nagestes
981 3856 1080 3924 turchi,
1099 3856 1232 3924 Ptpinus:
1245 3854 1377 3922 Turchas,

204 3925 315 3995 Marios,
333 3926 465 3981 Debarias
484 3930 512 3981 et
529 3927 662 3999 Nageetes
679 3927 792 3983 invenit.
829 3930 894 3981 Atio
912 3929 973 3995 toea,
999 3944 1050 3996 aaa
1071 3943 1134 3980 aera
1157 3927 1230 3979 lentio
1251 3933 1304 3980 est:
1329 3943 1379 3994 per

203 4001 392 4067 montaneam,
418 4001 444 4052 P
466 4001 559 4052 hahet:
583 4015 635 4068 per
657 4003 830 4066 montaneas,
855 4001 901 4052 sed
926 4000 951 4052 B
975 4006 999 4052 ct
1024 3999 1154 4066 Papum:
1179 3996 1214 4050 ad
1238 4000 1377 4051 montana.

203 4070 231 4136 2)
248 4070 395 4137 Muratori,
421 4071 469 4126 SS.
487 4072 551 4124 Iter.
570 4071 634 4126 Ital.
652 4071 704 4138 IX,
731 4073 778 4125 ool.
798 4073 948 4126 589-593.
1054 4069 1082 4137 3)
1102 4069 1246 4121 Tristanus
1264 4069 1379 4122 Galam

205 4143 222 4194 t.
241 4141 309 4208 XII,
326 4160 355 4210 p.
371 4144 432 4198 254.
453 4144 620 4210 paucissima
644 4159 677 4195 aa
702 4142 748 4194 hoa
774 4143 870 4206 libello,
896 4157 971 4208 quem
995 4141 1026 4193 in
1048 4142 1132 4193 codice
1150 4141 1288 4193 Rani-iana
1306 4142 1377 4208 tepit,

203 4215 341 4281 moerpstt,
367 4229 434 4281 qnae
458 4214 532 4265 nielli
555 4219 618 4265 sunt
641 4215 712 4266 usui.
750 4213 824 4276 Quod
847 4214 881 4266 A.
900 4213 1077 4278 Pannenborp
1099 4213 1275 4278 contenderat,
1302 4213 1379 4264 ‘For-

204 4285 337 4350 schnnpen
354 4301 378 4338 e.
398 4285 546 4337 Dentsatten
566 4283 668 4338 (tesan)
686 4283 770 4350 XIII,
787 4301 817 4351 p.
830 4286 883 4338 322
895 4301 943 4350 sq,
965 4283 1045 4335 Gesta
1063 4283 1098 4336 ab
1115 4290 1222 4336 anctore
1240 4283 1379 4335 Historiae

200 4357 407 4479 mutia
426 4355 1379 4494 W“idid'z‘adiit'd‘1di⁶“dt⁴·OE'Iff‘iifflffltfflti

405 4467 411 4480 ·
488 4465 490 4468 ·
526 4467 532 4481 ·
798 4466 803 4479 ·
872 4455 905 4464 ”“
962 4466 968 4480 ·
1143 4467 1149 4480 ·
1369 4463 1377 4489 ι

201 4515 230 4564 p.
243 4499 295 4552 285
308 4514 362 4565 sqq.
435 4497 462 4565 5)
483 4497 552 4549 Usus
569 4514 628 4549 sam
646 4503 720 4549 textu
737 4499 794 4550 etas
811 4497 918 4549 onmtm
934 4498 1053 4550 amnium
1070 4498 1187 4549 aodtacm
1209 4497 1258 4564 qm
1274 4503 1379 4549 coaetant

203 4569 346 4622 munidato.
