3324 5146
301 505 425 562 GESTA
443 505 623 561 FEDERIGI
640 503 664 562 Ι.
683 504 950 562 IMPERATORIS
968 503 1012 560 IN
1029 505 1268 562 LOMBARDIA.
1341 509 1377 562 37

201 691 452 774 Madregniano
477 694 512 754 et
536 689 806 773 Squarzaparte⁸
835 689 877 754 de
901 689 1073 754 Buxinate
1097 681 1156 754 etb
1186 687 1370 754 Oldratus⁰
1387 705 1465 758 1159.

202 779 244 844 de
275 778 543 844 Basilica-Petri
573 771 633 842 etb
662 777 836 861 (iasparus
858 773 1093 842 Menoloeius‘l
1125 781 1180 842 11θ
1208 778 1376 860 Rogerius

200 867 425 932 Marcellinus
449 860 505 932 otf
532 866 603 930 alii.
650 865 719 931 Sed
747 867 933 950 imperator
961 888 1032 930 non
1062 867 1213 931 audebat
1237 867 1374 931 adhueg
1405 873 1407 876 ’

200 957 338 1020 assidue
372 957 421 1020 ibi
456 975 544 1031 esse,
580 956 641 1020 sed
674 955 874 1018 morabatur
906 955 1035 1020 Laude.
1092 955 1224 1020 Eodem
1259 959 1376 1020 autem

199 1065 327 1122 mense,
352 1046 457 1108 tertio
474 1037 661 1108 decimo¹1¹1
684 1044 740 1108 die
763 1044 888 1107 mensis
912 1045 1028 1128 posuit
1050 1045 1192 1108 insidias
1211 1045 1255 1108 ad
1272 1043 1469 1110 Cava-razna

200 1127 392 1216 guiaram¹,
427 1137 462 1197 et
493 1133 562 1196 dux
592 1132 776 1197 Bertoldus
807 1133 849 1196 de
881 1125 1056 1215 Zarengok
1086 1125 1178 1196 erat¹
1208 1153 1287 1196 oum
1317 1153 1373 1210 eo;

200 1225 269 1286 etm
291 1222 425 1306 pedites
444 1221 665 1305 Papiensium
688 1221 803 1305 posuit
826 1221 863 1284 in
887 1221 1115 1298 Settetianon,
1140 1221 1183 1284 de
1206 1220 1375 1286 militibus

199 1311 294 1374 misit
324 1311 490 1393 quosdam
517 1329 625 1393 usque
649 1310 725 1373 adm
749 1307 1013 1386 Gratasoliam03
1045 1310 1106 1372 alii
1136 1312 1308 1374 steterunt
1338 1309 1375 1374 in

200 1397 391 1476 Gauianol',
423 1398 482 1462 alii
513 1399 557 1462 ad
587 1398 910 1462 Vicum-maiorem.
964 1398 1104 1462 interea
1133 1398 1274 1480 quidam
1303 1418 1375 1482 per

198 1492 339 1552 versusq
371 1489 413 1552 de
437 1485 655 1552 Gratasoliar
689 1487 834 1551 subdole
864 1488 987 1551 missus
1018 1490 1070 1551 est
1100 1507 1121 1550 a
1147 1487 1374 1570 Papiensibus

199 1576 447 1651 Mediolanum,
478 1580 514 1640 et
545 1577 617 1640 eius
642 1575 790 1640 elamore
814 1579 849 1639 et
871 1575 1118 1640 vociferatione
1142 1575 1269 1658 egressi
1292 1579 1374 1639 sunt

198 1665 328 1730 milites
352 1667 394 1729 de
418 1665 616 1728 Mediolano
641 1668 676 1728 et
699 1665 870 1748 persecuti
898 1668 980 1728 sunt
1008 1684 1065 1728 eos
1088 1683 1196 1746 usque
1221 1665 1265 1728 ad
1288 1665 1374 1728 Pon-

197 1754 448 1836 tem-longum,
480 1757 516 1818 et
547 1757 712 1836 oeperunt
742 1753 871 1816 milites
901 1756 937 1817 et
966 1754 1100 1836 pedites
1129 1753 1368 1836 Papiensium³

199 1842 273 1907 fere
296 1863 424 1907 omnes.
472 1842 540 1906 Sed
557 1863 636 1905 oum
650 1837 846 1918 redibantl,
871 1841 1057 1926 imperator
1081 1861 1235 1924 egressus
1257 1845 1309 1906 est
1330 1842 1374 1905 de

199 1931 343 2008 insidiis,
367 1932 428 1995 ubi
451 1931 593 2006 latebat,
619 1934 655 1994 et
671 1931 763 2014 apud
780 1930 1034 1994 Settetianumu
1060 1930 1130 1993 tuit
1154 1931 1202 1994 eis
1226 1929 1372 2007 obviarn,

199 2019 384 2104 Papienses
407 2020 623 2104 recuperavit
647 2021 682 2084 et
706 2020 748 2082 de
764 2019 1081 2084 Mediolanensibus
1105 2019 1197 2102 oepit
1220 2018 1371 2082 militesv

198 2112 371 2173 trecentos
396 2112 431 2173 et
456 2109 554 2172 duxit
578 2129 634 2172 eos
658 2108 787 2172 Laude.
826 2108 952 2172 Postea
975 2108 1069 2172 misit
1092 2128 1150 2172 eos
1173 2107 1327 2192 Papiam.

306 2198 361 2262 Ab
384 2197 448 2260 illa
471 2197 526 2261 die
551 2197 642 2280 oepit
666 2197 877 2260 confidenter
895 2197 1021 2260 morari
1036 2197 1129 2280 apud
1146 2195 1311 2272 Oremanr,
1337 2199 1373 2260 et

197 2285 285 2350 feeit
308 2287 382 2350 fieri
404 2286 617 2350 testudinem
640 2284 841 2360 mirabilem,
867 2305 935 2366 qua
956 2285 1167 2368 implebatur
1187 2285 1371 2362 fossatum;

198 2375 340 2458 insuper
358 2375 444 2438 feeit
459 2377 591 2438 turrem
606 2373 758 2457 ligneam
775 2374 933 2438 altiorem
957 2377 992 2437 et
1014 2373 1193 2437 fortiorem
1217 2377 1252 2437 et
1275 2372 1373 2436 latio·

197 2469 305 2540 remW,
337 2485 440 2546 quam
469 2483 623 2548 unquam
647 2462 770 2546 aliquis
793 2463 977 2540 vidisset¹;
1010 2466 1045 2526 et
1068 2462 1153 2526 iecit
1176 2461 1293 2526 venire
1316 2461 1373 2526 ob·

197 2553 301 2630 sides,
333 2573 417 2635 quos
446 2551 599 2616 habebat
630 2549 810 2627 Cremone,
842 2555 877 2616 et
907 2551 1074 2634 captivos,
1106 2571 1190 2636 quos
1221 2549 1372 2615 habebat

198 2640 314 2726 Papie,
347 2645 409 2706 ety
444 2643 486 2706 de
515 2641 713 2705 melioribus
745 2644 780 2704 et
810 2639 1036 2704 nobilioribus
1068 2640 1158 2704 eirea
1180 2639 1305 2722 viginti
1335 2641 1373 2703 in

199 2730 255 2794 die
279 2729 511 2813 suspendebat
535 2733 632 2793 extra
646 2729 789 2792 turrim²
818 2729 961 2792 funibus
984 2729 1101 2812 ligatis
1125 2729 1310 2805 humeris&
1336 2732 1372 2792 et

197 2818 235 2880 in
259 2819 407 2900 quodam
430 2817 526 2900 liguo
549 2817 726 2891 sedebant,
757 2820 797 2880 ut
828 2816 1012 2899 lapidibus,
1043 2817 1102 2899 qui
1132 2808 1367 2880 iaciebanturb

199 2905 242 2970 ab
266 2907 438 2990 onagrisi,
463 2905 522 2988 qui
547 2900 666 2969 erantd
692 2905 730 2967 iu
753 2903 883 2982 Orema,
909 2904 1144 2980 obruerentur,
1169 2907 1230 2967 aut
1254 2924 1372 2968 eorum

196 2995 321 3059 timore
344 2994 399 3059 vel
423 3013 537 3058 amore
566 2993 748 3058 castellum
774 2994 986 3057 redderetur.
1033 2993 1079 3056 Mt
1103 2996 1199 3056 oume
1228 3013 1289 3078 per
1313 2993 1372 3056 ali-

196 3087 282 3166 quot
299 3084 371 3148 dies
387 3085 477 3147 ictus
493 3083 647 3166 lapidum
665 3083 918 3159 sustinuissent,
941 3075 1052 3145 111111ί
1071 3082 1371 3186 appropinquante

197 3172 340 3236 castello
365 3175 427 3236 etg
453 3171 600 3236 dimissis
631 3172 673 3236 de
703 3171 848 3254 captivis
872 3175 907 3235 et
931 3172 973 3236 de
997 3171 1174 3236 obsidrbus
1202 3171 1240 3236 iu
1268 3174 1371 3236 noete
1421 3181 1424 3188 '

196 3295 411 3307 m...—

478 3345 690 3411 Codepnelli
711 3345 876 3397 Libellus
898 3345 1089 3398 tristitiae.

303 3431 349 3486 Ab
375 3432 421 3486 illa
439 3432 483 3486 die
502 3433 575 3500 oepit
594 3430 763 3486 confidenter
780 3432 882 3484 morari
907 3429 969 3484 inh
992 3430 1131 3500 Orema,
1156 3431 1193 3486 id
1218 3435 1273 3484 est
1297 3430 1371 3500 apud
1380 3442 1424 3493 (11)

197 3501 333 3571 Cremam,
359 3502 451 3558 oumi
477 3501 542 3558 feeit
567 3501 627 3556 fieri
651 3503 817 3556 testudinem
835 3502 988 3556 mirabilem
1007 3533 1041 3542 -
1060 3533 1094 3542 -
1112 3519 1182 3572 pons
1200 3501 1302 3556 fractus
1321 3505 1370 3558 est.

195 3683 218 3729 a)
233 3680 304 3725 madr.
317 3691 439 3732 squameus
453 3682 479 3724 B.
533 3682 556 3729 b)
570 3681 627 3720 deest
640 3682 666 3723 Β.
720 3683 740 3729 e)
755 3683 786 3720 ste
798 3681 824 3724 Β.
835 3681 937 3730 01111111,-
952 3679 1064 3721 Oldradus
1078 3677 1106 3724 A.
1159 3679 1182 3728 (1)
1197 3681 1331 3720 Menolotlus
1343 3682 1370 3724 A.

197 3735 219 3786 1)
234 3740 256 3774 et
270 3736 296 3777 R.
311 3737 340 3778 Μ.
359 3746 400 3777 om.
414 3739 441 3785 A,
460 3745 514 3784 quoe
531 3736 577 3773 iam
595 3736 619 3773 tn
637 3736 683 3778 eod.
697 3735 763 3777 Rasa,
782 3736 863 3774 omisso
881 3739 951 3784 erare,
971 3745 1019 3774 eum
1038 3735 1097 3783 apud
1115 3733 1217 3772 Celetrum
1232 3745 1256 3783 p.
1267 3735 1312 3776 191.
1330 3733 1371 3774 hoe

195 3799 274 3826 nomen
282 3789 343 3830 desit.
396 3789 492 3836 omulti
507 3789 592 3830 ades.
646 3791 668 3837 g)
683 3789 714 3827 ste
722 3789 748 3830 Β,
758 3788 787 3837 Ρ,·
801 3789 858 3827 deest
867 3789 893 3830 A.
948 3789 971 3836 h)
986 3788 1053 3828 tertio
1067 3789 1124 3826 deest
1133 3788 1160 3836 A,
1175 3785 1262 3826 decimo
1276 3787 1334 3825 deest
1342 3787 1369 3836 B,

196 3839 220 3879 in
230 3841 346 3890 archetypo
361 3841 417 3880 alter
426 3852 528 3880 numeras
541 3842 607 3880 altere¹
620 3843 778 3890 eaperecapere
789 3843 822 3880 oet
830 3843 854 3880 in
863 3841 962 3890 mareiae
975 3841 1085 3890 suppletus
1098 3841 1166 3888 fuisse
1175 3841 1266 3890 aseer,
1281 3845 1304 3880 ut
1314 3840 1371 3878 alter

195 3894 269 3933 scriba
283 3895 376 3932 alterum
391 3895 502 3936 omitteret.
555 3895 571 3941 i)
586 3893 792 3944 GausginsramA3
807 3895 974 3944 oauagnieriam
988 3896 1018 3945 B;
1036 3895 1228 3944 canapiueraml'.
1282 3893 1305 3942 k)
1320 3903 1371 3934 111-

197 3957 267 3996 rengo
280 3948 301 3986 A
315 3951 334 3985 et
349 3947 446 3989 Calchas.
513 3947 529 3995 1)
543 3950 593 3986 erit
606 3948 632 3988 Β.
699 3950 729 3996 m)
744 3949 801 3986 deest
813 3949 874 3990 B.P.
944 3951 967 3996 n)
982 3952 1086 3988 seteasno
1101 3943 1161 3989 B.P.
1224 3949 1246 3995 o)
1260 3947 1291 3986 ste
1305 3945 1371 3996 M,-

198 4001 296 4042 Grsttss.
311 4001 338 4042 A.
378 4003 402 4050 p)
416 3999 480 4050 genio
493 4000 519 4041 Β.
529 3999 550 4038 Ρ
559 3999 663 4046 (saecum
677 4001 731 4039 oilla
744 4002 789 4040 etta
802 4005 850 4040 erat
861 4002 887 4039 tn
900 4001 1000 4040 districtu
1014 4001 1146 4050 Placentino,
1161 4000 1217 4038 unde
1231 3999 1326 4048 Ooduprr.
1340 4001 1372 4039 ste

195 4054 422 4102 praestrueretur).
490 4056 513 4102 q)
532 4064 654 4093 eonversur
669 4054 700 4104 B;
721 4055 778 4096 deest
792 4053 816 4097 P.
884 4057 903 4103 r)
921 4055 952 4094 eie
965 4055 1031 4103 Β.Ῑ,·
1052 4053 1199 4096 stramonia
1212 4054 1254 4094 sub
1269 4051 1329 4094 dolio
1343 4055 1371 4098 A.

196 4109 216 4155 1)
230 4109 286 4147 deest
299 4108 332 4156 Β)
352 4108 472 4158 papienses
487 4107 511 4148 P.
567 4108 584 4154 t)
598 4104 718 4147 rediebant
731 4108 758 4150 A.
811 4110 834 4156 u)
848 4112 978 4148 setezanum
991 4108 1051 4150 B.P.
1105 4107 1129 4158 v)
1142 4107 1173 4146 sie
1186 4107 1213 4148 A.
1223 4108 1254 4155 Ρ)
1274 4108 1331 4146 deest
1344 4107 1371 4150 B.

196 4163 226 4208 w)
240 4162 271 4200 sie
283 4162 351 4211 B.P;
371 4161 447 4201 stlat.
463 4160 544 4202 em.A.
618 4161 641 4205 11)
655 4157 740 4200 uiderit
753 4161 820 4210 B.P,·
840 4163 869 4209 ef.
882 4172 952 4212 supra
962 4161 1029 4210 pit.
1104 4163 1128 4212 y)
1142 4161 1172 4200 ste
1188 4161 1213 4202 B.
1223 4162 1253 4210 P,·
1273 4162 1330 4200 deest
1344 4161 1371 4203 A.

196 4214 218 4264 n)
231 4215 261 4252 sie
275 4214 296 4256 h.
310 4215 325 4257 l.
338 4215 365 4256 A.
375 4215 405 4261 Ρ)
426 4219 511 4253 turrem
524 4213 551 4255 B.
618 4213 764 4262 1)11’1Α,Ρ;
784 4215 841 4252 deest
854 4215 880 4256 B.
942 4214 966 4262 b)
979 4213 1122 4254 metebantur
1135 4213 1166 4264 133
1188 4213 1332 4254 laetabantur
1345 4215 1371 4256 Ρ.

197 4270 218 4315 e)
232 4267 284 4309 bon
297 4268 323 4310 Β.
383 4265 407 4318 d)
422 4272 471 4307 1111
484 4267 509 4309 Β,
570 4267 591 4313 e)
604 4266 635 4304 etr
648 4267 674 4308 B.
684 4267 714 4314 Β)
734 4267 791 4306 deest
804 4269 831 4309 A.
893 4267 955 4314 osto
968 4267 1035 4317 B.P.·
1055 4277 1106 4310 eum
1120 4269 1331 4319 appropinquarent
1343 4270 1371 4310 A.

195 4323 219 4369 g)
233 4332 259 4360 ae
272 4321 299 4362 B.
308 4322 333 4364 P.
388 4321 411 4368 h)
425 4321 450 4362 iu
464 4318 500 4363 Or.
513 4317 537 4360 id
552 4323 586 4360 est
600 4319 642 4362 des.
656 4319 736 4360 Peum
750 4321 776 4364 A.
830 4321 847 4368 i)
861 4320 960 4370 feritque
974 4322 998 4363 P.

197 4482 225 4548 1)
241 4481 321 4532 Hunc
338 4481 407 4532 diem
427 4479 486 4533 otro
505 4480 617 4532 Merena
636 4480 655 4535 l.
674 4479 691 4534 l.
709 4497 737 4548 p.
751 4481 811 4536 610.
830 4481 946 4536 iudicat.-
