3324 5146
186 1369 476 1474 intensum
503 1375 739 1449 nausiator
759 1375 1111 1448 iurnanuoers.
1159 1376 1227 1447 nn
1255 1367 1443 1449 REBUSb

542 1500 712 1573 osseis
739 1499 795 1571 ru
823 1491 1152 1596 consanum]

518 1671 790 1758 uumuoeruse
819 1673 971 1738 rarius
994 1668 1204 1756 niensis.

381 1803 479 1866 Licet
509 1803 620 1884 impar
649 1799 744 1883 operi
768 1802 803 1864 et
825 1820 896 1862 non
919 1799 1078 1863 sufficere
1105 1819 1204 1882 posse
1226 1801 1354 1876 videar,
1385 1821 1447 1884 pro

273 1890 444 1955 facultate
473 1884 613 1954 tamend
646 1889 777 1971 ingenii
808 1908 848 1950 ea
878 1907 943 1970 que
966 1888 1037 1951 vidi
1067 1891 1103 1951 et
1131 1889 1301 1952 veraciter
1330 1890 1447 1953 audivi

275 1981 319 2043 ad
334 1979 526 2042 utilitatem
541 1979 774 2061 posterorume
796 1975 943 2040 seribere
964 1976 1158 2059 temptabo;
1183 1977 1331 2040 maxima
1355 1978 1447 2041 enim

393 2168 417 2236 *)
436 2168 613 2233 Codapnellns
631 2167 683 2233 (B)
699 2167 842 2234 praemisit
860 2166 930 2218 hanc
947 2166 1057 2218 titninrn
1075 2173 1099 2219 et
1116 2167 1229 2235 indicent
1247 2169 1381 2234 capitam:

185 2315 263 2363 ress.
433 2294 778 2358 LIBELLUSISTE
788 2293 1108 2358 NUNOUPATUR
1117 2295 1346 2358 LIBELLUS
1357 2297 1447 2359 TRI-

435 2383 585 2446 STITIE
609 2383 667 2446 ET
690 2382 903 2459 nononis,
928 2377 1187 2446 ANGUSTIEf
1211 2383 1269 2446 ET
1292 2384 1446 2448 TRIBU-

434 2470 666 2548 ΕΑΤΙΟΝΙΕ,
696 2470 965 2536 PASSIONUM
994 2471 1052 2534 ET
1080 2471 1445 2537 TORMENTORUM.
1520 2478 1521 2482 ’

577 2606 690 2661 CUIUS
708 2606 865 2660 LIBELLI
882 2606 958 2660 HEC
978 2607 1078 2662 SUNT
1098 2607 1301 2664 CAPITULA.

504 2695 546 2749 De
565 2695 706 2749 obsidione
725 2695 852 2749 Terdone
873 2697 908 2749 ab
926 2696 1091 2764 imperatore
1109 2695 1251 2752 Federioo.

504 2766 547 2820 De
566 2767 623 2820 eius
642 2767 826 2820 destructione
845 2785 861 2820 a
878 2766 1129 2820 Mediolanensibus
1148 2771 1176 2821 et
1193 2767 1360 2822 Placentinis
1369 2769 1386 2824 ¹.

504 2838 546 2891 De
564 2838 703 2891 laboribus
722 2841 750 2892 et
769 2839 893 2907 expensis
911 2839 940 2890 in
958 2839 1023 2906 ipsa.
1036 2839 1146 2892 civitate
1164 2838 1375 2894 rehedificenda.

504 2909 546 2964 De
565 2909 767 2964 constructione
784 2910 934 2963 multorum
953 2911 1077 2962 locorum
1095 2927 1112 2962 e
1129 2909 1388 2965 Mediolanensibus.

504 2980 545 3035 De
564 2981 749 3034 destructione
765 2981 915 3034 multorum
928 2985 1080 3034 castrorum
1098 2987 1126 3034 et
1144 2981 1268 3034 locorum
1280 2981 1421 3035 Placentia
1428 2983 1445 3037 ².

504 3051 545 3106 De
565 3052 659 3106 castris
684 3052 757 3106 circa
778 3052 910 3121 triginta³
934 3053 963 3104 in
985 3053 1056 3106 valle
1081 3051 1116 3104 de
1138 3051 1254 3120 Lugano
1278 3052 1446 3106 aMediola·

433 3123 561 3176 nensibus
580 3123 665 3190 captis
684 3127 712 3175 et
731 3121 874 3176 destructis
886 3131 914 3177 g·
1411 3155 1419 3192 3

504 3193 546 3246 De
570 3193 699 3260 pontibus
724 3193 843 3245 mirabili
867 3209 949 3260 opere
974 3209 1055 3260 super
1080 3192 1207 3246 Ticinum
1233 3193 1395 3247 constructis
1419 3197 1446 3246 et

432 3263 510 3317 factis
529 3281 545 3316 a
563 3263 822 3316 Mediolanensibus.

503 3334 545 3388 De
570 3335 664 3388 castris
690 3338 718 3387 et
742 3335 808 3386 locis
832 3334 911 3386 factis
936 3350 952 3386 a
976 3333 1227 3388 Mediolanensibus
1254 3334 1284 3387 in
1307 3333 1446 3388 Lumilina

432 3423 518 3475 usque
537 3403 757 3460 Gravadonum4.
996 3424 998 3428 ·

503 3475 545 3529 De
564 3479 652 3529 castro
672 3477 705 3529 de
724 3476 867 3545 Vigevano
886 3479 966 3542 capto
986 3493 1002 3527 a
1019 3473 1277 3530 Mediolanensibus.

503 3547 545 3599 De
563 3547 694 3599 militibus
713 3549 741 3600 et
758 3546 895 3614 peditibus
914 3545 999 3614 Papie
1024 3546 1082 3599 fere
1101 3546 1227 3598 omnibus
1246 3547 1332 3614 captis
1351 3564 1367 3600 a
1385 3547 1445 3601 Me·

432 3617 659 3672 diolanensibus⁵.

271 3782 293 3827 a)
308 3779 364 3817 nanc
377 3779 538 3826 {arreptionem
552 3778 630 3816 habent
643 3777 771 3826 B.P(imp.
786 3775 867 3827 nied).
935 3778 958 3826 b)
971 3778 1002 3816 atr
1015 3777 1045 3825 P;
1066 3777 1122 3816 urbe
1136 3777 1162 3820 B.
1230 3777 1251 3827 c)
1265 3778 1317 3816 haec
1331 3779 1444 3828 inscriptio

271 3833 295 3870 in
308 3833 356 3870 solo
370 3833 396 3874 Β,
451 3830 474 3879 d)
488 3832 532 3880 ing.
547 3837 623 3870 tamen
637 3831 663 3872 B.
718 3832 739 3877 e)
753 3831 809 3868 deest
824 3830 849 3872 Β,
903 3831 1057 3879 {tangustitie
1071 3831 1098 3872 B.
1151 3833 1174 3880 g)
1188 3833 1323 3870 constructis
1338 3833 1364 3874 B.

274 3974 299 4037 1)
320 3974 441 4025 Terdona
459 3974 493 4024 ab
511 3975 670 4040 imperatore
688 3973 821 4023 destructa
844 3978 889 4037 est,
915 3979 945 4024 at
970 3975 1000 4024 in
1026 3973 1095 4024 libro
1116 3980 1260 4028 narretur.
1297 3974 1390 4026 Nescio
1407 3990 1444 4024 an

273 4045 389 4109 Codapn.
407 4046 545 4112 scripserit
563 4043 766 4096 constructione
784 4059 821 4093 en
839 4043 1081 4098 reconstructione.
1119 4045 1206 4110 Nepae
1224 4060 1283 4096 nero
1295 4045 1445 4096 Placentini

271 4131 330 4166 earn
353 4117 595 4180 reaedificaverant.
668 4115 696 4180 2)
713 4115 794 4164 Nihil
811 4114 861 4165 hac
879 4115 911 4165 de
928 4131 958 4166 re
977 4116 1075 4181 lepitnr
1093 4117 1123 4166 in
1143 4116 1218 4168 libro.
1292 4115 1318 4182 3)
1341 4117 1445 4180 Vipinti

271 4193 362 4238 castra
380 4193 459 4254 capta
477 4202 543 4252 (non
555 4187 701 4249 destructa)
720 4201 772 4236 esse
791 4186 889 4250 lepitar
907 4187 986 4250 infra
1004 4187 1052 4238 aab
1070 4203 1095 4237 a.
1111 4188 1188 4240 1156.
1260 4185 1288 4251 4)
1305 4187 1331 4237 Α
1344 4187 1443 4238 Medio·

272 4258 424 4310 lunensibus
446 4257 483 4308 ad
501 4257 647 4308 Lomeilam
665 4258 860 4308 castrametatis
877 4265 968 4309 eastra
986 4273 1071 4324 usque
1091 4255 1285 4310 Gravadonum
1310 4259 1444 4310 destrinta

271 4344 324 4380 esee
343 4329 441 4395 lapitnr
458 4330 507 4380 aab
524 4345 550 4382 a.
564 4330 642 4382 1157.
664 4334 726 4394 post
750 4344 780 4379 ea
805 4343 871 4394 qnae
895 4330 983 4381 tribas
1007 4329 1170 4394 repitentibus
1188 4330 1354 4394 arpnnrentia
1372 4331 1442 4380 indi·

270 4405 375 4451 contar.
448 4399 474 4467 5)
493 4400 567 4464 Quod
586 4398 762 4464 Codaqnellns
779 4400 858 4463 infra
876 4400 925 4451 aab
942 4416 968 4454 a.
983 4401 1060 4454 1157.
1078 4401 1213 4466 narrarit,
1233 4407 1326 4451 anetor
1341 4401 1442 4453 Medio-

271 4472 389 4522 lanensis
406 4471 453 4522 hoc
469 4486 523 4522 non
540 4471 620 4523 dixit.
