3324 5146
262 497 280 550 8
369 491 495 548 (imm
512 491 693 548 monium
710 491 733 550 Ι.
752 491 1018 550 ΜΡΕΕΑΤΟΒῘΒ
1035 491 1079 550 IN
1097 494 1337 555 LOMBARDIA.

262 679 428 746 Ffidorioi
451 678 481 741 Ι.
505 678 542 741 in
565 676 682 754 Italia,
705 681 741 740 at
762 675 884 757 assolet,
908 675 1016 742 maltis
1038 683 1105 741 lam
1127 679 1278 744 audacter
1299 678 1438 745 incentis

262 787 358 850 qnam
372 765 488 848 ineptis
501 763 687 831 coniecturis
699 766 913 846 depravatam,
929 764 1017 830 vitiis
1031 764 1121 830 illias
1135 767 1312 850 apopraplci
1320 767 1437 850 paneis

262 863 342 922 recte
357 853 530 920 emendatis
545 853 652 920 edidit.
692 853 814 918 Eodem
829 852 931 918 codice
946 853 1045 920 obiter
1060 855 1179 920 eoolnto
1193 856 1276 921 niolo
1298 877 1375 922 nsns
1392 863 1438 922 est

267 945 306 1011 G.
324 945 370 1009 H.
388 944 492 1025 Porto,
517 964 587 1008 cnm
602 942 686 1008 nnnc
701 941 839 1006 libellam
856 941 916 1007 SS.
935 942 1082 1025 XVIII,
1100 966 1136 1025 p.
1154 950 1217 1010 357
1233 964 1300 1026 sqq.
1324 947 1435 1010 ederet.

263 1035 398 1099 Invento
426 1031 644 1097 enim-codice
670 1051 751 1095 3333.
778 1029 894 1112 XIII,
924 1051 985 1112 qno
1011 1031 1115 1097 altera
1137 1033 1277 1099 recensio
1299 1033 1437 1099 einsdem

263 1121 385 1204 lepitnr,
418 1121 475 1187 troc
504 1121 648 1185 mendose
677 1118 831 1201 ensmpto
854 1139 917 1200 pro
946 1119 1155 1198 fandamento
1184 1121 1332 1187 editionis
1360 1143 1437 1188 3333

261 1231 339 1276 3333
360 1217 414 1292 est,
443 1208 546 1274 variis
572 1207 755 1274 todionibns
778 1206 894 1273 codicis
916 1208 949 1272 A
965 1209 1135 1290 permultis
1164 1210 1298 1292 amissis,
1329 1211 1437 1276 mcdtis

261 1299 346 1379 falso
368 1297 529 1364 indicatis.
577 1297 642 1362 Sed
669 1296 721 1363 W.
745 1297 783 1360 de
810 1295 1009 1362 Giesebrcotot
1031 1298 1288 1364 commentatione
1310 1299 1437 1382 eyrcpia

262 1387 417 1470 inscripta
446 1385 529 1451 ‘an
554 1384 818 1450 Maildndisclcen
846 1384 1207 1469 Gesolicltsclrrcilnny'
1237 1387 1363 1454 docnit¹
1390 1409 1436 1453 re·

262 1476 344 1542 canti
372 1476 428 1540 illo
457 1473 630 1556 exemplari
659 1471 799 1539 anctoris
822 1472 1077 1538 Mediolanensis
1106 1496 1183 1556 opas
1212 1476 1434 1558 antlcenticnm,

263 1564 387 1630 etiamsi
415 1565 606 1644 mendosam,
638 1561 708 1644 lapi,
740 1562 797 1626 loc
826 1561 957 1643 antiqno
980 1562 1083 1627 codice
1105 1584 1176 1628 enm
1198 1585 1220 1628 3
1241 1563 1311 1629 niro
1328 1565 1438 1647 partis

267 1653 461 1733 Gnelfonnm
483 1657 595 1734 postea
622 1650 723 1716 diotae
750 1651 955 1733 depravatam
978 1657 1226 1734 corrnptnmqne,
1257 1653 1437 1718 commentis

262 1763 301 1806 33
329 1740 503 1806 mendaciis
529 1739 566 1804 in
595 1739 702 1804 odinm
725 1738 889 1803 Friderici
912 1739 943 1802 Ι.
966 1739 1169 1821 imperatoris
1191 1747 1220 1806 et
1241 1741 1278 1806 in
1299 1742 1436 1824 ploriam

262 1828 554 1895 Mediolanensinm
576 1849 615 1894 33
637 1826 898 1892 Placentinorum
926 1827 1064 1892 incentis
1089 1835 1217 1894 andam
1238 1830 1436 1913 ampliatam·

262 1939 321 2000 qne
342 1917 508 1984 contineri.
554 1918 629 2000 Ipse
658 1938 760 1998 nnper
788 1915 880 1981 domi
908 1915 945 1980 in
973 1916 1057 1982 lcanc
1085 1917 1224 1997 formam
1254 1919 1392 1984 libellam
1414 1942 1436 1984 a

263 2007 410 2071 Iohanne
437 2006 627 2088 Oodapnello
650 2003 838 2070 Placentino
866 2004 952 2070 eirca
974 2027 1005 2069 3.
1025 2011 1120 2069 1230.
1150 2009 1312 2074 redactam
1339 2029 1405 2073 3333
1414 2011 1434 2089 ²,

263 2094 318 2176 qni
340 2095 370 2160 ci
393 2095 518 2159 titnlnm
540 2093 660 2159 indidit
689 2093 815 2158 Libelli
839 2094 966 2158 dolon's
990 2098 1025 2160 et
1047 2097 1222 2173 tristitiae,
1255 2099 1435 2180 angustiae

263 2188 299 2249 et
320 2185 566 2262 tribulationie,
591 2184 789 2268 passionum
812 2186 848 2246 et
870 2187 1121 2248 tormentorum
1130 2185 1151 2260 ³,
1182 2191 1344 2250 mntnatns
1366 2207 1436 2250 enm

263 2273 304 2337 ab
326 2273 383 2337 lcoc
405 2274 489 2353 qnod
510 2278 620 2337 anctor
635 2270 890 2336 Mediolanensis
912 2271 1003 2352 diod,
1026 2273 1103 2337 arbe
1126 2273 1365 2338 Mediolanensi
1387 2276 1435 2339 do-

263 2367 383 2426 333373
398 2383 419 2424 3
434 2360 673 2443 mapistratilns
687 2358 907 2440 imperialibus
922 2361 1047 2424 tabnlas
1062 2361 1223 2425 censorias
1241 2362 1346 2440 factas
1361 2384 1434 2443 esse,

263 2449 319 2530 qni
341 2449 420 2514 liber
446 2448 599 2513 Tristinm
622 2455 651 2514 et
673 2447 792 2512 doloris
813 2454 941 2512 oocatns
966 2450 1074 2512 esser.
1121 2449 1303 2514 Praemisso
1332 2449 1437 2516 indice

263 2543 520 2620 ornamentorum
548 2537 758 2619 Oodapnellns
784 2536 1004 2602 narrationem
1026 2557 1133 2602 rernm
1156 2544 1436 2602 3.1154-1156.

256 2647 361 2709 paene
383 2627 541 2708 intepram
564 2625 736 2708 descripsit,
761 2625 878 2707 paneis
904 2623 1008 2690 verbis
1028 2625 1169 2690 mntatis.
1214 2627 1267 2691 Ao
1290 2633 1435 2708 31157,

256 2715 435 2797 praemisso
450 2736 506 2780 sno
516 2716 657 2796 prolopo,
676 2714 801 2796 partim
816 2735 854 2778 ecc
869 2734 903 2778 eo
919 2712 1167 2796 historiopraplci
1183 2715 1438 2780 Mediolanensis

263 2803 425 2886 descripto,
449 2825 546 2886 nsqne
569 2806 614 2868 ad
635 2809 778 2868 a.1159.
802 2801 962 2868 inenntem
984 2802 1168 2868 relationem
1190 2803 1228 2869 in
1250 2804 1351 2870 aliam
1373 2805 1437 2885 for·

262 2913 347 2956 marn
374 2893 493 2974 redeqit
520 2913 663 2958 sermone
690 2913 747 2957 sno
776 2891 858 2973 stilo,
889 2897 924 2955 nt
953 2890 1102 2973 opinatns
1123 2898 1176 2974 est,
1201 2893 1303 2974 polito
1332 2900 1361 2958 et
1388 2915 1437 2958 33-

263 2987 384 3063 ornato,
409 2980 529 3046 additis
552 2981 748 3063 quibasdam,
772 2979 848 3044 aliis
871 2979 1006 3044 omissis.
1045 2982 1126 3045 Tam
1140 2981 1304 3062 sequentia
1323 2981 1437 3046 iternm

256 3069 373 3150 paneis
387 3069 517 3134 matatis
539 3075 569 3134 et
591 3068 732 3134 nnmeris
752 3089 911 3134 annornm
926 3068 1022 3146 falsis
1037 3068 1113 3134 locis
1128 3069 1258 3135 insertis
1273 3070 1439 3152 descripsit

262 3179 359 3238 33333
388 3158 425 3223 in
453 3157 591 3224 medinm
620 3179 651 3220 3.
677 3163 772 3222 1160.
819 3155 886 3220 Pro
908 3162 1052 3236 sequente
1074 3157 1228 3223 relatione
1255 3159 1438 3224 anthentica

256 3246 375 3328 proclii
402 3245 615 3312 Carcanensis
644 3267 736 3310 snam
765 3244 1013 3310 commenticiam
1042 3251 1071 3309 ot
1100 3246 1292 3310 mendaciter
1320 3247 1437 3328 etcopi-

263 3341 362 3398 totam
389 3333 511 3418 posnit,
546 3335 584 3400 in
612 3333 810 3415 scqnentibns
841 3332 935 3397 etiam
964 3333 1064 3398 mnlta
1093 3333 1226 3398 mntaoit
1254 3340 1284 3398 et
1312 3334 1436 3414 adiecit,

263 3425 387 3489 demam
409 3429 484 3507 post
513 3423 700 3489 deditionem
728 3421 1020 3487 Mediolanensinm
1050 3443 1079 3486 a.
1105 3427 1199 3486 1162.
1230 3423 1365 3487 relatam
1394 3426 1439 3489 ad

256 3511 401 3594 priorem
429 3513 556 3579 modnm
584 3533 736 3594 reversas,
762 3509 878 3593 paneis
906 3510 1013 3575 leniter
1035 3510 1166 3576 mntatis
1188 3516 1306 3575 tentam
1333 3511 1437 3577 Gesto-

262 3620 335 3665 rmn
356 3621 454 3683 nsque
475 3601 521 3666 ad
541 3601 660 3682 finem⁵
683 3599 857 3687 descripsit,
901 3598 1086 3681 Oodapnelli
1100 3598 1240 3664 recensio
1255 3599 1354 3665 libelli
1369 3621 1437 3666 con·

263 3687 382 3754 tinetnr
403 3690 440 3756 in

264 3903 291 3968 1)
308 3903 505 3968 ‘Itrrchnnpar
522 3917 546 3956 3.
565 3899 713 3953 Daneben
732 3897 834 3952 Gooch!
852 3897 932 3962 XXI,
951 3898 1144 3963 3301-317,
1216 3897 1245 3963 2)
1264 3898 1307 3951 ‘N.
1326 3897 1438 3949 Archr’o'

262 3973 342 4039 XVI,
366 3991 394 4041 p,
413 3975 564 4028 not-279.
654 3970 682 4038 3)
699 3970 779 4022 Hanc
796 3969 905 4020 titnlnm
923 3968 1009 4019 indici
1024 3969 1143 4036 capitum
1167 3968 1202 4019 ab
1224 3971 1281 4035 ipso
1298 3970 1438 4035 omnpocito

259 4046 445 4112 praescripsit,
471 4044 517 4096 scd
538 4043 650 4110 prohinc
675 4041 793 4093 auctoris
810 4039 1019 4092 Mediolanensie
1036 4041 1066 4090 in
1085 4039 1242 4105 Godapnelli
1258 4039 1342 4090 codice
1357 4055 1437 4106 prae·

262 4116 337 4181 fiam
354 4122 391 4168 cst
409 4115 505 4166 titnlns
522 4111 607 4167 Gesta
619 4111 745 4166 Fedorioi
762 4109 943 4178 imperatoris.
972 4108 1014 4163 De
1031 4109 1114 4163 robus
1131 4109 1215 4178 gestis
1230 4108 1259 4160 in
1271 4107 1437 4176 Lonbardia,
1560 4147 1561 4150 ¹

264 4188 353 4252 itaque
370 4186 441 4238 bane
458 4186 567 4237 tttnlnm
585 4185 620 4236 ab
637 4190 742 4236 andorn
760 4182 955 4234 Mediolanensi
970 4197 1019 4234 333
1036 4181 1124 4232 libello
1148 4181 1265 4232 inditam
1282 4196 1336 4232 3333
1352 4181 1438 4232 credi·

263 4258 359 4324 dorin,
382 4258 543 4325 praesertim
567 4271 626 4307 enm
643 4257 669 4306 ei
683 4255 769 4322 parti,
795 4270 876 4320 arcam
895 4252 1072 4319 Godapnellns
1097 4254 1127 4304 tn
1143 4267 1239 4304 nocam
1256 4252 1374 4315 formam
1391 4267 1438 4305 re·

263 4329 344 4394 clepit,
369 4329 467 4380 iterum
492 4327 587 4380 titnlns
608 4327 793 4394 praescriptas
813 4326 865 4377 sit:
890 4322 932 4376 De
950 4322 1065 4376 miseriis
1084 4326 1112 4374 ot
1130 4320 1262 4390 angustiis
1280 4320 1437 4376 Lonbtrdie

263 4399 349 4466 panis
361 4399 396 4452 ab
408 4398 574 4467 imperatore
586 4395 728 4451 Foderioo.
782 4395 811 4463 4)
823 4397 862 4450 W.
875 4396 907 4447 dc
920 4394 1082 4447 0133533353
1094 4394 1113 4448 l.
1127 4394 1144 4448 l.
1154 4411 1184 4462 p.
1193 4395 1247 4448 306
1255 4409 1294 4461 sq.
1348 4394 1439 4462 5)ιῖοά

265 4471 354 4523 omr'sit
371 4476 490 4524 arnano
507 4470 586 4522 cerba
605 4469 745 4522 Gestorum
763 4467 795 4519 ds
812 4467 986 4519 inundatione
1003 4483 1029 4520 a.
1044 4466 1122 4520 1177.
