<?xml version="1.0" encoding="UTF-8"?>
<!DOCTYPE html PUBLIC "-//W3C//DTD XHTML 1.0 Transitional//EN"
    "http://www.w3.org/TR/xhtml1/DTD/xhtml1-transitional.dtd">
<html xmlns="http://www.w3.org/1999/xhtml" xml:lang="en" lang="en">
 <head>
  <title>
</title>
<meta http-equiv="Content-Type" content="text/html;charset=utf-8" />
  <meta name='ocr-system' content='tesseract 3.04.00' />
  <meta name='ocr-capabilities' content='ocr_page ocr_carea ocr_par ocr_line ocrx_word'/>
</head>
<body>
  <div class='ocr_page' id='page_1' title='image "./gestafedericiii01holdgoog_0081.png"; bbox 0 0 3324 5146; ppageno 0'>
   <div class='ocr_carea' id='block_1_1' title="bbox 281 496 1345 558">
    <p class='ocr_par' dir='ltr' id='par_1_1' title="bbox 281 496 1345 558">
     <span class='ocr_line' id='line_1_1' title="bbox 281 496 1345 558; baseline 0.006 -7"><span class='ocrx_word' id='word_1_1' title='bbox 281 496 407 552; x_wconf 81' lang='lat' dir='ltr'>GESTA</span> <span class='ocrx_word' id='word_1_2' title='bbox 424 496 605 552; x_wconf 75' lang='lat' dir='ltr'><em>FnDERIOI</em></span> <span class='ocrx_word' id='word_1_3' title='bbox 622 497 646 554; x_wconf 93' lang='lat' dir='ltr'><em>I.</em></span> <span class='ocrx_word' id='word_1_4' title='bbox 664 497 744 552; x_wconf 89' lang='lat' dir='ltr'><strong><em>IMP.</em></strong></span> <span class='ocrx_word' id='word_1_5' title='bbox 763 497 806 552; x_wconf 89' lang='lat' dir='ltr'><em>IN</em></span> <span class='ocrx_word' id='word_1_6' title='bbox 824 498 1086 554; x_wconf 78' lang='lat' dir='ltr'><strong><em>EXPEDITIONE</em></strong></span> <span class='ocrx_word' id='word_1_7' title='bbox 1105 499 1238 558; x_wconf 85' lang='lat' dir='ltr'>SAGRA.</span> <span class='ocrx_word' id='word_1_8' title='bbox 1312 505 1345 557; x_wconf 84' lang='grc'><em>77</em></span> 
     </span>
    </p>
   </div>
   <div class='ocr_carea' id='block_1_2' title="bbox 162 677 1346 2538">
    <p class='ocr_par' dir='ltr' id='par_1_2' title="bbox 162 677 1346 1916">
     <span class='ocr_line' id='line_1_2' title="bbox 163 677 1346 764; baseline 0.003 -21"><span class='ocrx_word' id='word_1_9' title='bbox 163 677 296 744; x_wconf 86' lang='lat' dir='ltr'><em>libellus</em></span> <span class='ocrx_word' id='word_1_10' title='bbox 317 679 471 760; x_wconf 76' lang='lat' dir='ltr'><em>plurimis</em></span> <span class='ocrx_word' id='word_1_11' title='bbox 497 679 622 760; x_wconf 80' lang='lat' dir='ltr'><em>quidem</em></span> <span class='ocrx_word' id='word_1_12' title='bbox 644 681 736 745; x_wconf 86' lang='lat' dir='ltr'><em>rebus</em></span> <span class='ocrx_word' id='word_1_13' title='bbox 758 681 932 764; x_wconf 86' lang='lat' dir='ltr'><em>conueniat,</em></span> <span class='ocrx_word' id='word_1_14' title='bbox 963 684 1019 747; x_wconf 87' lang='lat' dir='ltr'><em>sed</em></span> <span class='ocrx_word' id='word_1_15' title='bbox 1045 685 1135 748; x_wconf 92' lang='lat' dir='ltr'><em>modo</em></span> <span class='ocrx_word' id='word_1_16' title='bbox 1164 682 1224 764; x_wconf 87' lang='lat' dir='ltr'><em>bic,</em></span> <span class='ocrx_word' id='word_1_17' title='bbox 1255 685 1346 748; x_wconf 92' lang='lat' dir='ltr'><em>modo</em></span> 
     </span>
     <span class='ocr_line' id='line_1_3' title="bbox 162 767 1345 853; baseline 0.004 -22"><span class='ocrx_word' id='word_1_18' title='bbox 162 767 225 832; x_wconf 88' lang='lat' dir='ltr'><em>ille</em></span> <span class='ocrx_word' id='word_1_19' title='bbox 246 769 348 850; x_wconf 76' lang='lat' dir='ltr'><em>plura</em></span> <span class='ocrx_word' id='word_1_20' title='bbox 370 769 418 834; x_wconf 87' lang='lat' dir='ltr'><em>ael</em></span> <span class='ocrx_word' id='word_1_21' title='bbox 440 769 567 834; x_wconf 90' lang='lat' dir='ltr'><em>oeriora</em></span> <span class='ocrx_word' id='word_1_22' title='bbox 593 768 771 851; x_wconf 74' lang='lat' dir='ltr'><em>tradiderit,</em></span> <span class='ocrx_word' id='word_1_23' title='bbox 802 776 865 835; x_wconf 89' lang='lat' dir='ltr'><em>tres</em></span> <span class='ocrx_word' id='word_1_24' title='bbox 894 770 990 836; x_wconf 89' lang='lat' dir='ltr'><em>babos</em></span> <span class='ocrx_word' id='word_1_25' title='bbox 1017 770 1158 836; x_wconf 88' lang='lat' dir='ltr'><em>rationes</em></span> <span class='ocrx_word' id='word_1_26' title='bbox 1185 773 1230 836; x_wconf 95' lang='lat' dir='ltr'><em>ad</em></span> <span class='ocrx_word' id='word_1_27' title='bbox 1255 791 1345 853; x_wconf 79' lang='lat' dir='ltr'><em>quae-</em></span> 
     </span>
     <span class='ocr_line' id='line_1_4' title="bbox 163 857 1346 925; baseline 0.003 -5"><span class='ocrx_word' id='word_1_28' title='bbox 163 857 305 922; x_wconf 89' lang='lat' dir='ltr'><em>stionem</em></span> <span class='ocrx_word' id='word_1_29' title='bbox 338 857 528 922; x_wconf 87' lang='lat' dir='ltr'><em>soluendam.</em></span> <span class='ocrx_word' id='word_1_30' title='bbox 585 858 655 922; x_wconf 85' lang='lat' dir='ltr'><em>Aut</em></span> <span class='ocrx_word' id='word_1_31' title='bbox 682 857 767 922; x_wconf 87' lang='lat' dir='ltr'><em>enim</em></span> <span class='ocrx_word' id='word_1_32' title='bbox 795 865 912 924; x_wconf 78' lang='lat' dir='ltr'><em>statues</em></span> <span class='ocrx_word' id='word_1_33' title='bbox 946 861 985 924; x_wconf 92' lang='lat' dir='ltr'><em>ab</em></span> <span class='ocrx_word' id='word_1_34' title='bbox 1019 866 1145 925; x_wconf 90' lang='lat' dir='ltr'><em>auctore</em></span> <span class='ocrx_word' id='word_1_35' title='bbox 1180 860 1346 925; x_wconf 81' lang='lat' dir='ltr'><em>Gestorum</em></span> 
     </span>
     <span class='ocr_line' id='line_1_5' title="bbox 164 945 1346 1030; baseline 0.002 -20"><span class='ocrx_word' id='word_1_36' title='bbox 164 945 273 1010; x_wconf 92' lang='lat' dir='ltr'><em>solum</em></span> <span class='ocrx_word' id='word_1_37' title='bbox 295 967 366 1010; x_wconf 92' lang='lat' dir='ltr'><em>eum</em></span> <span class='ocrx_word' id='word_1_38' title='bbox 388 945 535 1028; x_wconf 87' lang='lat' dir='ltr'><em>libellum,</em></span> <span class='ocrx_word' id='word_1_39' title='bbox 564 966 655 1027; x_wconf 75' lang='lat' dir='ltr'><em>quem</em></span> <span class='ocrx_word' id='word_1_40' title='bbox 677 947 813 1012; x_wconf 89' lang='lat' dir='ltr'><em>Iacobus</em></span> <span class='ocrx_word' id='word_1_41' title='bbox 835 947 1009 1030; x_wconf 79' lang='lat' dir='ltr'><em>suscripsit,</em></span> <span class='ocrx_word' id='word_1_42' title='bbox 1038 948 1223 1030; x_wconf 77' lang='lat' dir='ltr'><em>adhibitum,</em></span> <span class='ocrx_word' id='word_1_43' title='bbox 1247 950 1303 1014; x_wconf 87' lang='lat' dir='ltr'><em>sed</em></span> <span class='ocrx_word' id='word_1_44' title='bbox 1324 971 1346 1012; x_wconf 91' lang='lat' dir='ltr'><em>a</em></span> 
     </span>
     <span class='ocr_line' id='line_1_6' title="bbox 166 1035 1345 1119; baseline 0.003 -21"><span class='ocrx_word' id='word_1_45' title='bbox 166 1035 290 1100; x_wconf 92' lang='lat' dir='ltr'><em>Iacobo</em></span> <span class='ocrx_word' id='word_1_46' title='bbox 316 1035 417 1100; x_wconf 92' lang='lat' dir='ltr'><em>multa</em></span> <span class='ocrx_word' id='word_1_47' title='bbox 439 1040 569 1116; x_wconf 80' lang='lat' dir='ltr'><em>mutata,</em></span> <span class='ocrx_word' id='word_1_48' title='bbox 599 1035 700 1100; x_wconf 91' lang='lat' dir='ltr'><em>multa</em></span> <span class='ocrx_word' id='word_1_49' title='bbox 729 1035 846 1100; x_wconf 91' lang='lat' dir='ltr'><em>omissa</em></span> <span class='ocrx_word' id='word_1_50' title='bbox 875 1058 959 1118; x_wconf 84' lang='lat' dir='ltr'><em>esse;</em></span> <span class='ocrx_word' id='word_1_51' title='bbox 989 1043 1053 1119; x_wconf 84' lang='lat' dir='ltr'><em>aut,</em></span> <span class='ocrx_word' id='word_1_52' title='bbox 1084 1059 1154 1103; x_wconf 94' lang='lat' dir='ltr'><em>cum</em></span> <span class='ocrx_word' id='word_1_53' title='bbox 1177 1037 1302 1119; x_wconf 78' lang='lat' dir='ltr'><em>quidem</em></span> <span class='ocrx_word' id='word_1_54' title='bbox 1324 1060 1345 1102; x_wconf 92' lang='lat' dir='ltr'><em>a</em></span> 
     </span>
     <span class='ocr_line' id='line_1_7' title="bbox 167 1123 1345 1207; baseline 0.003 -21"><span class='ocrx_word' id='word_1_55' title='bbox 167 1123 289 1188; x_wconf 91' lang='lat' dir='ltr'><em>Iacobo</em></span> <span class='ocrx_word' id='word_1_56' title='bbox 319 1125 474 1204; x_wconf 77' lang='lat' dir='ltr'><em>quaedam</em></span> <span class='ocrx_word' id='word_1_57' title='bbox 501 1129 624 1188; x_wconf 91' lang='lat' dir='ltr'><em>mutata</em></span> <span class='ocrx_word' id='word_1_58' title='bbox 646 1145 711 1188; x_wconf 90' lang='lat' dir='ltr'><em>esse</em></span> <span class='ocrx_word' id='word_1_59' title='bbox 734 1125 931 1207; x_wconf 76' lang='lat' dir='ltr'><em>concesseris,</em></span> <span class='ocrx_word' id='word_1_60' title='bbox 962 1126 1002 1190; x_wconf 90' lang='lat' dir='ltr'><em>ab</em></span> <span class='ocrx_word' id='word_1_61' title='bbox 1025 1131 1150 1191; x_wconf 92' lang='lat' dir='ltr'><em>auctore</em></span> <span class='ocrx_word' id='word_1_62' title='bbox 1178 1126 1345 1195; x_wconf 81' lang='lat' dir='ltr'><em>Gestorum</em></span> 
     </span>
     <span class='ocr_line' id='line_1_8' title="bbox 167 1211 1345 1296; baseline 0.003 -20"><span class='ocrx_word' id='word_1_63' title='bbox 167 1219 277 1276; x_wconf 91' lang='lat' dir='ltr'><em>tamen</em></span> <span class='ocrx_word' id='word_1_64' title='bbox 306 1212 441 1276; x_wconf 90' lang='lat' dir='ltr'><em>alterum</em></span> <span class='ocrx_word' id='word_1_65' title='bbox 462 1211 558 1276; x_wconf 87' lang='lat' dir='ltr'><em>ctiam</em></span> <span class='ocrx_word' id='word_1_66' title='bbox 581 1212 719 1278; x_wconf 88' lang='lat' dir='ltr'><em>libellum</em></span> <span class='ocrx_word' id='word_1_67' title='bbox 740 1213 935 1295; x_wconf 69' lang='lat' dir='ltr'><em>incoquitum</em></span> <span class='ocrx_word' id='word_1_68' title='bbox 964 1215 1075 1280; x_wconf 89' lang='lat' dir='ltr'><em>lectum</em></span> <span class='ocrx_word' id='word_1_69' title='bbox 1097 1214 1345 1296; x_wconf 75' lang='lat' dir='ltr'><em>euscriptnmque</em></span> 
     </span>
     <span class='ocr_line' id='line_1_9' title="bbox 168 1301 1344 1384; baseline 0.003 -19"><span class='ocrx_word' id='word_1_70' title='bbox 168 1322 235 1366; x_wconf 86' lang='lat' dir='ltr'><em>esse</em></span> <span class='ocrx_word' id='word_1_71' title='bbox 244 1301 268 1382; x_wconf 79' lang='lat'><em>¹;</em></span> <span class='ocrx_word' id='word_1_72' title='bbox 278 1306 343 1382; x_wconf 74' lang='lat' dir='ltr'><em>aut,</em></span> <span class='ocrx_word' id='word_1_73' title='bbox 354 1301 383 1365; x_wconf 92' lang='lat' dir='ltr'><em>si</em></span> <span class='ocrx_word' id='word_1_74' title='bbox 392 1307 539 1366; x_wconf 86' lang='lat' dir='ltr'><em>neutrum</em></span> <span class='ocrx_word' id='word_1_75' title='bbox 548 1301 776 1384; x_wconf 77' lang='lat' dir='ltr'><em>tibiplacuerit,</em></span> <span class='ocrx_word' id='word_1_76' title='bbox 788 1302 940 1368; x_wconf 91' lang='lat' dir='ltr'><em>Iacobum</em></span> <span class='ocrx_word' id='word_1_77' title='bbox 949 1303 1087 1368; x_wconf 90' lang='lat' dir='ltr'><em>libellum</em></span> <span class='ocrx_word' id='word_1_78' title='bbox 1096 1303 1187 1368; x_wconf 90' lang='lat' dir='ltr'><em>illum</em></span> <span class='ocrx_word' id='word_1_79' title='bbox 1195 1309 1344 1369; x_wconf 90' lang='lat' dir='ltr'><em>retracta-</em></span> 
     </span>
     <span class='ocr_line' id='line_1_10' title="bbox 168 1389 1344 1474; baseline 0.003 -21"><span class='ocrx_word' id='word_1_80' title='bbox 168 1397 245 1471; x_wconf 80' lang='lat' dir='ltr'><em>tum,</em></span> <span class='ocrx_word' id='word_1_81' title='bbox 270 1389 478 1472; x_wconf 86' lang='lat' dir='ltr'><em>immutatum,</em></span> <span class='ocrx_word' id='word_1_82' title='bbox 503 1392 709 1472; x_wconf 74' lang='lat' dir='ltr'><em>depravatum</em></span> <span class='ocrx_word' id='word_1_83' title='bbox 724 1391 842 1473; x_wconf 73' lang='lat' dir='ltr'><em>leoisse,</em></span> <span class='ocrx_word' id='word_1_84' title='bbox 859 1394 899 1456; x_wconf 91' lang='lat' dir='ltr'><em>ub</em></span> <span class='ocrx_word' id='word_1_85' title='bbox 915 1399 1041 1458; x_wconf 90' lang='lat' dir='ltr'><em>auctore</em></span> <span class='ocrx_word' id='word_1_86' title='bbox 1057 1391 1224 1458; x_wconf 81' lang='lat' dir='ltr'><em>Gestorum</em></span> <span class='ocrx_word' id='word_1_87' title='bbox 1236 1392 1344 1474; x_wconf 72' lang='lat' dir='ltr'><em>yonni-</em></span> 
     </span>
     <span class='ocr_line' id='line_1_11' title="bbox 169 1478 1342 1560; baseline 0.001 -17"><span class='ocrx_word' id='word_1_88' title='bbox 169 1501 248 1543; x_wconf 91' lang='lat' dir='ltr'><em>num</em></span> <span class='ocrx_word' id='word_1_89' title='bbox 276 1499 456 1560; x_wconf 73' lang='lat' dir='ltr'><em>purumque</em></span> <span class='ocrx_word' id='word_1_90' title='bbox 490 1478 587 1544; x_wconf 89' lang='lat' dir='ltr'><em>libelli</em></span> <span class='ocrx_word' id='word_1_91' title='bbox 620 1478 709 1544; x_wconf 92' lang='lat' dir='ltr'><em>illius</em></span> <span class='ocrx_word' id='word_1_92' title='bbox 743 1486 859 1546; x_wconf 88' lang='lat' dir='ltr'><em>tentum</em></span> <span class='ocrx_word' id='word_1_93' title='bbox 892 1481 1069 1546; x_wconf 76' lang='lat' dir='ltr'><em>adhibitum</em></span> <span class='ocrx_word' id='word_1_94' title='bbox 1100 1503 1164 1546; x_wconf 89' lang='lat' dir='ltr'><em>esso</em></span> <span class='ocrx_word' id='word_1_95' title='bbox 1196 1481 1342 1547; x_wconf 75' lang='lat' dir='ltr'><em>censebis.</em></span> 
     </span>
     <span class='ocr_line' id='line_1_12' title="bbox 175 1567 1344 1652; baseline 0.002 -20"><span class='ocrx_word' id='word_1_96' title='bbox 175 1569 266 1648; x_wconf 75' lang='lat' dir='ltr'><em>Quod</em></span> <span class='ocrx_word' id='word_1_97' title='bbox 292 1573 326 1632; x_wconf 93' lang='lat' dir='ltr'><em>ut</em></span> <span class='ocrx_word' id='word_1_98' title='bbox 351 1569 445 1633; x_wconf 89' lang='lat' dir='ltr'><em>lector</em></span> <span class='ocrx_word' id='word_1_99' title='bbox 466 1567 533 1649; x_wconf 72' lang='lat' dir='ltr'><em>ipse</em></span> <span class='ocrx_word' id='word_1_100' title='bbox 557 1567 715 1650; x_wconf 82' lang='lat' dir='ltr'><em>diiudicet,</em></span> <span class='ocrx_word' id='word_1_101' title='bbox 746 1569 829 1634; x_wconf 87' lang='lat' dir='ltr'><em>banc</em></span> <span class='ocrx_word' id='word_1_102' title='bbox 851 1576 979 1651; x_wconf 77' lang='lat' dir='ltr'><em>partem</em></span> <span class='ocrx_word' id='word_1_103' title='bbox 1006 1570 1160 1636; x_wconf 79' lang='lat' dir='ltr'><em>Oronicae</em></span> <span class='ocrx_word' id='word_1_104' title='bbox 1183 1569 1344 1652; x_wconf 69' lang='lat' dir='ltr'><em>umayinis</em></span> 
     </span>
     <span class='ocr_line' id='line_1_13' title="bbox 170 1655 1344 1741; baseline 0.002 -21"><span class='ocrx_word' id='word_1_105' title='bbox 170 1655 291 1738; x_wconf 80' lang='lat' dir='ltr'><em>mundi,</em></span> <span class='ocrx_word' id='word_1_106' title='bbox 316 1656 473 1738; x_wconf 78' lang='lat' dir='ltr'><em>bucusque</em></span> <span class='ocrx_word' id='word_1_107' title='bbox 494 1656 650 1721; x_wconf 88' lang='lat' dir='ltr'><em>immerito</em></span> <span class='ocrx_word' id='word_1_108' title='bbox 673 1658 852 1740; x_wconf 74' lang='lat' dir='ltr'><em>neylectam,</em></span> <span class='ocrx_word' id='word_1_109' title='bbox 876 1658 913 1723; x_wconf 92' lang='lat' dir='ltr'><em>in</em></span> <span class='ocrx_word' id='word_1_110' title='bbox 936 1679 1000 1741; x_wconf 80' lang='lat' dir='ltr'><em>qua</em></span> <span class='ocrx_word' id='word_1_111' title='bbox 1021 1681 1099 1724; x_wconf 90' lang='lat' dir='ltr'><em>sone</em></span> <span class='ocrx_word' id='word_1_112' title='bbox 1120 1660 1219 1724; x_wconf 91' lang='lat' dir='ltr'><em>multu</em></span> <span class='ocrx_word' id='word_1_113' title='bbox 1234 1665 1344 1724; x_wconf 90' lang='lat' dir='ltr'><em>notatu</em></span> 
     </span>
     <span class='ocr_line' id='line_1_14' title="bbox 171 1743 1343 1829; baseline 0.001 -20"><span class='ocrx_word' id='word_1_114' title='bbox 171 1743 362 1828; x_wconf 73' lang='lat' dir='ltr'><em>dionissimo</em></span> <span class='ocrx_word' id='word_1_115' title='bbox 384 1745 539 1827; x_wconf 68' lang='lat' dir='ltr'><em>leuantur,</em></span> <span class='ocrx_word' id='word_1_116' title='bbox 562 1767 630 1810; x_wconf 89' lang='lat' dir='ltr'><em>unu</em></span> <span class='ocrx_word' id='word_1_117' title='bbox 653 1767 723 1811; x_wconf 95' lang='lat' dir='ltr'><em>cum</em></span> <span class='ocrx_word' id='word_1_118' title='bbox 743 1746 849 1812; x_wconf 77' lang='lat' dir='ltr'><em>Gestis</em></span> <span class='ocrx_word' id='word_1_119' title='bbox 871 1749 1024 1812; x_wconf 91' lang='lat' dir='ltr'><em>edendam</em></span> <span class='ocrx_word' id='word_1_120' title='bbox 1047 1748 1135 1814; x_wconf 89' lang='lat' dir='ltr'><em>duni.</em></span> <span class='ocrx_word' id='word_1_121' title='bbox 1170 1749 1227 1812; x_wconf 87' lang='lat' dir='ltr'><em>Ad</em></span> <span class='ocrx_word' id='word_1_122' title='bbox 1248 1768 1343 1829; x_wconf 81' lang='lat' dir='ltr'><em>quam</em></span> 
     </span>
     <span class='ocr_line' id='line_1_15' title="bbox 170 1833 1205 1916; baseline 0.003 -19"><span class='ocrx_word' id='word_1_123' title='bbox 170 1836 451 1916; x_wconf 74' lang='lat' dir='ltr'><em>reooanoscendam</em></span> <span class='ocrx_word' id='word_1_124' title='bbox 473 1833 574 1898; x_wconf 90' lang='lat' dir='ltr'><em>tribus</em></span> <span class='ocrx_word' id='word_1_125' title='bbox 596 1833 651 1916; x_wconf 78' lang='lat' dir='ltr'><em>qni</em></span> <span class='ocrx_word' id='word_1_126' title='bbox 673 1841 798 1900; x_wconf 88' lang='lat' dir='ltr'><em>custant</em></span> <span class='ocrx_word' id='word_1_127' title='bbox 821 1835 977 1902; x_wconf 74' lang='lat' dir='ltr'><em>codicibus</em></span> <span class='ocrx_word' id='word_1_128' title='bbox 998 1858 1076 1902; x_wconf 84' lang='lat' dir='ltr'><em>usus</em></span> <span class='ocrx_word' id='word_1_129' title='bbox 1097 1839 1205 1901; x_wconf 64' lang='lat' dir='ltr'><em>sumi:</em></span> 
     </span>
    </p>

    <p class='ocr_par' dir='ltr' id='par_1_3' title="bbox 171 1921 1341 2095">
     <span class='ocr_line' id='line_1_16' title="bbox 277 1921 1341 2006; baseline 0.001 -20"><span class='ocrx_word' id='word_1_130' title='bbox 277 1923 326 2006; x_wconf 88' lang='lat' dir='ltr'><em>A)</em></span> <span class='ocrx_word' id='word_1_131' title='bbox 348 1921 451 1988; x_wconf 86' lang='lat' dir='ltr'><em>codice</em></span> <span class='ocrx_word' id='word_1_132' title='bbox 471 1923 670 1988; x_wconf 74' lang='lat' dir='ltr'><em>bibliothecae</em></span> <span class='ocrx_word' id='word_1_133' title='bbox 689 1923 914 1990; x_wconf 87' lang='lat' dir='ltr'><em>Unioorsitatis</em></span> <span class='ocrx_word' id='word_1_134' title='bbox 933 1924 1210 1992; x_wconf 72' lang='lat' dir='ltr'><em>I&#39;aurinensis</em></span> <span class='ocrx_word' id='word_1_135' title='bbox 1229 1924 1270 1990; x_wconf 78' lang='lat' dir='ltr'><em>G.</em></span> <span class='ocrx_word' id='word_1_136' title='bbox 1287 1924 1341 1987; x_wconf 91' lang='lat' dir='ltr'><em>II.</em></span> 
     </span>
     <span class='ocr_line' id='line_1_17' title="bbox 171 2007 904 2095; baseline 0.005 -21"><span class='ocrx_word' id='word_1_137' title='bbox 171 2017 213 2075; x_wconf 85' lang='lat'><em>34</em></span> <span class='ocrx_word' id='word_1_138' title='bbox 238 2007 372 2090; x_wconf 90' lang='lat' dir='ltr'><em>(Pasini</em></span> <span class='ocrx_word' id='word_1_139' title='bbox 394 2033 445 2076; x_wconf 92' lang='lat' dir='ltr'><em>nr.</em></span> <span class='ocrx_word' id='word_1_140' title='bbox 463 2013 544 2095; x_wconf 81' lang='lat'><em>589)</em></span> <span class='ocrx_word' id='word_1_141' title='bbox 569 2013 679 2094; x_wconf 75' lang='lat' dir='ltr'><em>abari,</em></span> <span class='ocrx_word' id='word_1_142' title='bbox 702 2034 783 2078; x_wconf 90' lang='lat' dir='ltr'><em>saec.</em></span> <span class='ocrx_word' id='word_1_143' title='bbox 802 2014 904 2078; x_wconf 85' lang='lat' dir='ltr'><strong><em>XIV.</em></strong></span> 
     </span>
    </p>

    <p class='ocr_par' dir='ltr' id='par_1_4' title="bbox 172 2099 1342 2273">
     <span class='ocr_line' id='line_1_18' title="bbox 276 2099 1342 2184; baseline 0.002 -21"><span class='ocrx_word' id='word_1_144' title='bbox 276 2100 310 2164; x_wconf 91' lang='lat' dir='ltr'><em>B</em></span> <span class='ocrx_word' id='word_1_145' title='bbox 328 2102 362 2184; x_wconf 91' lang='lat'><em>1)</em></span> <span class='ocrx_word' id='word_1_146' title='bbox 387 2100 490 2167; x_wconf 89' lang='lat' dir='ltr'><em>codice</em></span> <span class='ocrx_word' id='word_1_147' title='bbox 509 2099 647 2166; x_wconf 90' lang='lat' dir='ltr'><em>eiusdem</em></span> <span class='ocrx_word' id='word_1_148' title='bbox 662 2101 862 2167; x_wconf 88' lang='lat' dir='ltr'><em>bibliotbecae</em></span> <span class='ocrx_word' id='word_1_149' title='bbox 882 2101 1157 2168; x_wconf 83' lang='lat' dir='ltr'><em>Taurinensis</em></span> <span class='ocrx_word' id='word_1_150' title='bbox 1180 2103 1212 2166; x_wconf 86' lang='lat' dir='ltr'><em>I.</em></span> <span class='ocrx_word' id='word_1_151' title='bbox 1229 2102 1282 2165; x_wconf 92' lang='lat' dir='ltr'><em>II.</em></span> <span class='ocrx_word' id='word_1_152' title='bbox 1300 2107 1342 2166; x_wconf 91' lang='grc'><em>22</em></span> 
     </span>
     <span class='ocr_line' id='line_1_19' title="bbox 172 2185 1005 2273; baseline 0.002 -20"><span class='ocrx_word' id='word_1_153' title='bbox 172 2185 305 2264; x_wconf 85' lang='lat' dir='ltr'><em>(Pasini</em></span> <span class='ocrx_word' id='word_1_154' title='bbox 327 2209 378 2253; x_wconf 88' lang='lat' dir='ltr'><em>nr.</em></span> <span class='ocrx_word' id='word_1_155' title='bbox 397 2191 477 2273; x_wconf 83' lang='lat'><em>505)</em></span> <span class='ocrx_word' id='word_1_156' title='bbox 502 2189 601 2254; x_wconf 86' lang='lat' dir='ltr'><em>cbart.</em></span> <span class='ocrx_word' id='word_1_157' title='bbox 625 2189 682 2269; x_wconf 81' lang='lat' dir='ltr'><em>fol.</em></span> <span class='ocrx_word' id='word_1_158' title='bbox 706 2211 801 2272; x_wconf 65' lang='lat' dir='ltr'><em>maro„</em></span> <span class='ocrx_word' id='word_1_159' title='bbox 825 2212 906 2256; x_wconf 88' lang='lat' dir='ltr'><em>saec.</em></span> <span class='ocrx_word' id='word_1_160' title='bbox 925 2191 1005 2256; x_wconf 86' lang='lat' dir='ltr'><em>XV.</em></span> 
     </span>
    </p>

    <p class='ocr_par' dir='ltr' id='par_1_5' title="bbox 170 2277 1343 2450">
     <span class='ocr_line' id='line_1_20' title="bbox 276 2277 1343 2360; baseline 0.002 -18"><span class='ocrx_word' id='word_1_161' title='bbox 276 2277 310 2342; x_wconf 92' lang='lat' dir='ltr'><em>B</em></span> <span class='ocrx_word' id='word_1_162' title='bbox 326 2278 362 2360; x_wconf 87' lang='grc'><em>2)</em></span> <span class='ocrx_word' id='word_1_163' title='bbox 391 2277 494 2343; x_wconf 90' lang='lat' dir='ltr'><em>codice</em></span> <span class='ocrx_word' id='word_1_164' title='bbox 522 2277 720 2344; x_wconf 86' lang='lat' dir='ltr'><em>bibliotbecae</em></span> <span class='ocrx_word' id='word_1_165' title='bbox 750 2279 983 2345; x_wconf 79' lang='lat' dir='ltr'><em>Ambrosianus</em></span> <span class='ocrx_word' id='word_1_166' title='bbox 1012 2279 1124 2344; x_wconf 86' lang='lat' dir='ltr'><em>Medi</em></span> <span class='ocrx_word' id='word_1_167' title='bbox 1131 2279 1320 2344; x_wconf 92' lang='lat' dir='ltr'><em>olanensi</em></span> <span class='ocrx_word' id='word_1_168' title='bbox 1326 2302 1343 2343; x_wconf 95' lang='lat' dir='ltr'><em>s</em></span> 
     </span>
     <span class='ocr_line' id='line_1_21' title="bbox 170 2365 916 2450; baseline 0 -20"><span class='ocrx_word' id='word_1_169' title='bbox 170 2366 204 2430; x_wconf 88' lang='lat' dir='ltr'><strong><em>D</em></strong></span> <span class='ocrx_word' id='word_1_170' title='bbox 229 2373 292 2430; x_wconf 86' lang='grc'><em>526</em></span> <span class='ocrx_word' id='word_1_171' title='bbox 316 2365 389 2448; x_wconf 66' lang='lat' dir='ltr'><em>inf„</em></span> <span class='ocrx_word' id='word_1_172' title='bbox 415 2367 514 2432; x_wconf 89' lang='lat' dir='ltr'><em>cbart.</em></span> <span class='ocrx_word' id='word_1_173' title='bbox 538 2367 594 2446; x_wconf 81' lang='lat' dir='ltr'><em>fol.</em></span> <span class='ocrx_word' id='word_1_174' title='bbox 618 2389 713 2450; x_wconf 80' lang='lat' dir='ltr'><em>mora,</em></span> <span class='ocrx_word' id='word_1_175' title='bbox 737 2389 817 2433; x_wconf 91' lang='lat' dir='ltr'><em>saec.</em></span> <span class='ocrx_word' id='word_1_176' title='bbox 837 2369 916 2434; x_wconf 90' lang='lat' dir='ltr'><em>XV.</em></span> 
     </span>
    </p>

    <p class='ocr_par' dir='ltr' id='par_1_6' title="bbox 276 2455 1342 2538">
     <span class='ocr_line' id='line_1_22' title="bbox 276 2455 1342 2538; baseline 0 -18"><span class='ocrx_word' id='word_1_177' title='bbox 276 2455 332 2520; x_wconf 86' lang='lat' dir='ltr'><em>Eu</em></span> <span class='ocrx_word' id='word_1_178' title='bbox 354 2455 457 2521; x_wconf 89' lang='lat' dir='ltr'><em>codice</em></span> <span class='ocrx_word' id='word_1_179' title='bbox 472 2457 505 2519; x_wconf 83' lang='lat' dir='ltr'><strong><em>A</em></strong></span> <span class='ocrx_word' id='word_1_180' title='bbox 521 2456 633 2522; x_wconf 89' lang='lat' dir='ltr'><em>Iacobi</em></span> <span class='ocrx_word' id='word_1_181' title='bbox 649 2456 776 2522; x_wconf 83' lang='lat' dir='ltr'><em>cronica</em></span> <span class='ocrx_word' id='word_1_182' title='bbox 798 2457 884 2522; x_wconf 89' lang='lat' dir='ltr'><em>edita</em></span> <span class='ocrx_word' id='word_1_183' title='bbox 906 2465 951 2522; x_wconf 90' lang='lat' dir='ltr'><em>est</em></span> <span class='ocrx_word' id='word_1_184' title='bbox 973 2479 995 2521; x_wconf 91' lang='lat' dir='ltr'><em>a</em></span> <span class='ocrx_word' id='word_1_185' title='bbox 1015 2457 1155 2522; x_wconf 85' lang='lat' dir='ltr'><em>Gustaro</em></span> <span class='ocrx_word' id='word_1_186' title='bbox 1170 2458 1342 2538; x_wconf 67' lang='lat' dir='ltr'><em>Arouadro</em></span> 
     </span>
    </p>
   </div>
   <div class='ocr_carea' id='block_1_3' title="bbox 148 2543 1341 2718">
    <p class='ocr_par' dir='ltr' id='par_1_7' title="bbox 148 2543 1341 2718">
     <span class='ocr_line' id='line_1_23' title="bbox 148 2543 1341 2629; baseline 0.001 -22"><span class='ocrx_word' id='word_1_187' title='bbox 148 2543 253 2624; x_wconf 27' lang='lat' dir='ltr'><em>&#39;inter</em></span> <span class='ocrx_word' id='word_1_188' title='bbox 275 2545 487 2610; x_wconf 87' lang='lat' dir='ltr'><em>Monumenta</em></span> <span class='ocrx_word' id='word_1_189' title='bbox 509 2545 660 2610; x_wconf 80' lang='lat' dir='ltr'><em>historiae</em></span> <span class='ocrx_word' id='word_1_190' title='bbox 676 2545 816 2629; x_wconf 77' lang='lat' dir='ltr'><em>patriae,</em></span> <span class='ocrx_word' id='word_1_191' title='bbox 849 2546 964 2629; x_wconf 67' lang='lat' dir='ltr'><em>Scriurt,</em></span> <span class='ocrx_word' id='word_1_192' title='bbox 988 2547 1064 2629; x_wconf 84' lang='lat' dir='ltr'><em>III,</em></span> <span class='ocrx_word' id='word_1_193' title='bbox 1089 2547 1341 2626; x_wconf 78' lang='lat' dir='ltr'><em>col.1359soq.,</em></span> 
     </span>
     <span class='ocr_line' id='line_1_24' title="bbox 169 2632 934 2718; baseline 0.005 -21"><span class='ocrx_word' id='word_1_194' title='bbox 169 2632 223 2697; x_wconf 92' lang='lat' dir='ltr'><em>ubi</em></span> <span class='ocrx_word' id='word_1_195' title='bbox 246 2633 322 2698; x_wconf 85' lang='lat' dir='ltr'><em>baec</em></span> <span class='ocrx_word' id='word_1_196' title='bbox 345 2633 458 2697; x_wconf 91' lang='lat' dir='ltr'><em>relatio</em></span> <span class='ocrx_word' id='word_1_197' title='bbox 482 2635 537 2699; x_wconf 89' lang='lat' dir='ltr'><em>ool.</em></span> <span class='ocrx_word' id='word_1_198' title='bbox 557 2640 786 2699; x_wconf 83' lang='grc'><strong>1561-1567.</strong></span> <span class='ocrx_word' id='word_1_199' title='bbox 811 2635 934 2718; x_wconf 63' lang='lat' dir='ltr'><em>lenitur.</em></span> 
     </span>
    </p>
   </div>
   <div class='ocr_carea' id='block_1_4' title="bbox 275 2757 1170 2825">
    <p class='ocr_par' dir='ltr' id='par_1_8' title="bbox 275 2757 1170 2825">
     <span class='ocr_line' id='line_1_25' title="bbox 275 2757 1170 2825; baseline 0.001 -4"><span class='ocrx_word' id='word_1_200' title='bbox 275 2757 471 2823; x_wconf 90' lang='lat' dir='ltr'><em>Berolini</em></span> <span class='ocrx_word' id='word_1_201' title='bbox 494 2779 524 2822; x_wconf 85' lang='lat' dir='ltr'><em>a.</em></span> <span class='ocrx_word' id='word_1_202' title='bbox 549 2761 579 2824; x_wconf 93' lang='lat' dir='ltr'><em>d.</em></span> <span class='ocrx_word' id='word_1_203' title='bbox 604 2759 708 2824; x_wconf 87' lang='lat' dir='ltr'><strong><em>VIII.</em></strong></span> <span class='ocrx_word' id='word_1_204' title='bbox 733 2761 815 2824; x_wconf 80' lang='lat' dir='ltr'><em>Idrrs</em></span> <span class='ocrx_word' id='word_1_205' title='bbox 837 2759 1000 2825; x_wconf 90' lang='lat' dir='ltr'><em>Decembr.</em></span> <span class='ocrx_word' id='word_1_206' title='bbox 1024 2781 1055 2824; x_wconf 89' lang='lat' dir='ltr'><em>a.</em></span> <span class='ocrx_word' id='word_1_207' title='bbox 1075 2765 1170 2823; x_wconf 88' lang='grc'><strong>1891.</strong></span> 
     </span>
    </p>
   </div>
   <div class='ocr_carea' id='block_1_5' title="bbox 814 2934 1276 3003">
    <p class='ocr_par' dir='ltr' id='par_1_9' title="bbox 814 2934 1276 3003">
     <span class='ocr_line' id='line_1_26' title="bbox 814 2934 1276 3003; baseline -0.011 -1"><span class='ocrx_word' id='word_1_208' title='bbox 814 2936 849 3002; x_wconf 90' lang='lat' dir='ltr'><em>O.</em></span> <span class='ocrx_word' id='word_1_209' title='bbox 873 2934 1276 3003; x_wconf 75' lang='lat' dir='ltr'><strong><em>HOLDER-EGGER.</em></strong></span> 
     </span>
    </p>
   </div>
   <div class='ocr_carea' id='block_1_6' title="bbox 169 3127 1344 3550">
    <p class='ocr_par' dir='ltr' id='par_1_10' title="bbox 169 3127 1344 3550">
     <span class='ocr_line' id='line_1_27' title="bbox 171 3127 1342 3196; baseline -0.001 -15"><span class='ocrx_word' id='word_1_210' title='bbox 171 3127 197 3193; x_wconf 86' lang='lat'><em>1)</em></span> <span class='ocrx_word' id='word_1_211' title='bbox 215 3128 289 3190; x_wconf 81' lang='lat' dir='ltr'><em>Quod</em></span> <span class='ocrx_word' id='word_1_212' title='bbox 306 3129 411 3195; x_wconf 84' lang='lat' dir='ltr'><em>quidem</em></span> <span class='ocrx_word' id='word_1_213' title='bbox 429 3128 499 3180; x_wconf 85' lang='lat' dir='ltr'><em>mibi</em></span> <span class='ocrx_word' id='word_1_214' title='bbox 513 3145 673 3196; x_wconf 76' lang='lat' dir='ltr'><em>perarasnm</em></span> <span class='ocrx_word' id='word_1_215' title='bbox 691 3129 780 3184; x_wconf 86' lang='lat' dir='ltr'><em>babeo.</em></span> <span class='ocrx_word' id='word_1_216' title='bbox 814 3129 855 3194; x_wconf 81' lang='lat' dir='ltr'><em>Cf.</em></span> <span class='ocrx_word' id='word_1_217' title='bbox 876 3130 919 3180; x_wconf 59' lang='grc' dir='ltr'><em>(Ν.</em></span> <span class='ocrx_word' id='word_1_218' title='bbox 939 3128 1050 3181; x_wconf 78' lang='lat' dir='ltr'><em>Arabio’</em></span> <span class='ocrx_word' id='word_1_219' title='bbox 1068 3128 1163 3194; x_wconf 85' lang='lat' dir='ltr'><strong><em>XVII,</em></strong></span> <span class='ocrx_word' id='word_1_220' title='bbox 1187 3145 1215 3195; x_wconf 82' lang='lat' dir='ltr'><em>p.</em></span> <span class='ocrx_word' id='word_1_221' title='bbox 1233 3128 1286 3182; x_wconf 79' lang='lat'><em>506</em></span> <span class='ocrx_word' id='word_1_222' title='bbox 1304 3143 1342 3194; x_wconf 80' lang='lat' dir='ltr'><em>sq.</em></span> 
     </span>
     <span class='ocr_line' id='line_1_28' title="bbox 169 3199 1342 3268; baseline -0.002 -16"><span class='ocrx_word' id='word_1_223' title='bbox 169 3200 196 3265; x_wconf 78' lang='lat'><em>2)</em></span> <span class='ocrx_word' id='word_1_224' title='bbox 215 3199 255 3250; x_wconf 85' lang='lat' dir='ltr'><em>De</em></span> <span class='ocrx_word' id='word_1_225' title='bbox 266 3200 397 3251; x_wconf 82' lang='lat' dir='ltr'><em>codicibus</em></span> <span class='ocrx_word' id='word_1_226' title='bbox 408 3201 466 3252; x_wconf 83' lang='lat' dir='ltr'><em>aide</em></span> <span class='ocrx_word' id='word_1_227' title='bbox 483 3216 550 3267; x_wconf 81' lang='lat' dir='ltr'><em>quac</em></span> <span class='ocrx_word' id='word_1_228' title='bbox 567 3203 678 3268; x_wconf 79' lang='lat' dir='ltr'><em>arposni</em></span> <span class='ocrx_word' id='word_1_229' title='bbox 695 3201 738 3254; x_wconf 88' lang='lat' dir='ltr'><em>‘N.</em></span> <span class='ocrx_word' id='word_1_230' title='bbox 751 3200 862 3252; x_wconf 75' lang='lat' dir='ltr'><em>Archio’</em></span> <span class='ocrx_word' id='word_1_231' title='bbox 875 3201 906 3252; x_wconf 90' lang='lat' dir='ltr'><strong><em>X</em></strong></span> <span class='ocrx_word' id='word_1_232' title='bbox 908 3200 969 3267; x_wconf 83' lang='lat' dir='ltr'><strong><em>VII,</em></strong></span> <span class='ocrx_word' id='word_1_233' title='bbox 987 3219 1015 3268; x_wconf 84' lang='lat' dir='ltr'><em>p.</em></span> <span class='ocrx_word' id='word_1_234' title='bbox 1028 3202 1081 3255; x_wconf 82' lang='lat'><em>496</em></span> <span class='ocrx_word' id='word_1_235' title='bbox 1093 3217 1148 3267; x_wconf 78' lang='lat' dir='ltr'><em>sqq.</em></span> <span class='ocrx_word' id='word_1_236' title='bbox 1175 3199 1221 3250; x_wconf 88' lang='lat' dir='ltr'><em>Ibi</em></span> <span class='ocrx_word' id='word_1_237' title='bbox 1237 3199 1342 3266; x_wconf 78' lang='lat' dir='ltr'><em>quidem</em></span> 
     </span>
     <span class='ocr_line' id='line_1_29' title="bbox 169 3270 1342 3338; baseline -0.002 -18"><span class='ocrx_word' id='word_1_238' title='bbox 169 3271 281 3322; x_wconf 87' lang='lat' dir='ltr'><em>codicem</em></span> <span class='ocrx_word' id='word_1_239' title='bbox 298 3271 520 3323; x_wconf 78' lang='lat' dir='ltr'><em>Mediolanensem</em></span> <span class='ocrx_word' id='word_1_240' title='bbox 538 3273 591 3325; x_wconf 93' lang='lat' dir='ltr'><em>Bl</em></span> <span class='ocrx_word' id='word_1_241' title='bbox 610 3273 723 3338; x_wconf 68' lang='lat' dir='ltr'><em>donavi,</em></span> <span class='ocrx_word' id='word_1_242' title='bbox 743 3287 802 3323; x_wconf 89' lang='lat' dir='ltr'><em>cnm</em></span> <span class='ocrx_word' id='word_1_243' title='bbox 819 3273 899 3324; x_wconf 77' lang='lat' dir='ltr'><em>sodon</em></span> <span class='ocrx_word' id='word_1_244' title='bbox 914 3273 1090 3324; x_wconf 85' lang='lat' dir='ltr'><em>Taurinensis</em></span> <span class='ocrx_word' id='word_1_245' title='bbox 1108 3272 1131 3324; x_wconf 92' lang='grc' dir='ltr'><em>Ι.</em></span> <span class='ocrx_word' id='word_1_246' title='bbox 1150 3270 1189 3323; x_wconf 88' lang='grc' dir='ltr'><em>Π.</em></span> <span class='ocrx_word' id='word_1_247' title='bbox 1209 3271 1245 3323; x_wconf 86' lang='grc'><em>22</em></span> <span class='ocrx_word' id='word_1_248' title='bbox 1263 3270 1342 3333; x_wconf 75' lang='lat' dir='ltr'><em>fraq-</em></span> 
     </span>
     <span class='ocr_line' id='line_1_30' title="bbox 169 3341 1343 3409; baseline -0.003 -18"><span class='ocrx_word' id='word_1_249' title='bbox 169 3348 257 3392; x_wconf 85' lang='lat' dir='ltr'><em>mcnta</em></span> <span class='ocrx_word' id='word_1_250' title='bbox 268 3347 373 3392; x_wconf 87' lang='lat' dir='ltr'><em>tantum</em></span> <span class='ocrx_word' id='word_1_251' title='bbox 385 3344 505 3394; x_wconf 76' lang='lat' dir='ltr'><em>cronmac</em></span> <span class='ocrx_word' id='word_1_252' title='bbox 516 3345 653 3396; x_wconf 87' lang='lat' dir='ltr'><em>contineat.</em></span> <span class='ocrx_word' id='word_1_253' title='bbox 690 3343 742 3394; x_wconf 78' lang='lat' dir='ltr'><em>sn</em></span> <span class='ocrx_word' id='word_1_254' title='bbox 759 3358 819 3393; x_wconf 90' lang='lat' dir='ltr'><em>cum</em></span> <span class='ocrx_word' id='word_1_255' title='bbox 835 3343 879 3394; x_wconf 87' lang='lat' dir='ltr'><em>bio</em></span> <span class='ocrx_word' id='word_1_256' title='bbox 890 3343 1045 3394; x_wconf 85' lang='lat' dir='ltr'><em>relatiorum</em></span> <span class='ocrx_word' id='word_1_257' title='bbox 1057 3341 1233 3409; x_wconf 75' lang='lat' dir='ltr'><em>aupoditronis</em></span> <span class='ocrx_word' id='word_1_258' title='bbox 1250 3354 1343 3390; x_wconf 85' lang='lat' dir='ltr'><em>sacrae</em></span> 
     </span>
     <span class='ocr_line' id='line_1_31' title="bbox 169 3410 1344 3480; baseline -0.003 -17"><span class='ocrx_word' id='word_1_259' title='bbox 169 3411 238 3463; x_wconf 84' lang='lat' dir='ltr'><em>banc</em></span> <span class='ocrx_word' id='word_1_260' title='bbox 255 3414 389 3478; x_wconf 72' lang='lat' dir='ltr'><em>inteqram</em></span> <span class='ocrx_word' id='word_1_261' title='bbox 404 3415 531 3480; x_wconf 83' lang='lat' dir='ltr'><em>praebeat</em></span> <span class='ocrx_word' id='word_1_262' title='bbox 548 3431 579 3465; x_wconf 86' lang='lat' dir='ltr'><em>oc</em></span> <span class='ocrx_word' id='word_1_263' title='bbox 596 3415 681 3466; x_wconf 83' lang='lat' dir='ltr'><em>codici</em></span> <span class='ocrx_word' id='word_1_264' title='bbox 698 3414 893 3466; x_wconf 78' lang='lat' dir='ltr'><em>Mediolanensi</em></span> <span class='ocrx_word' id='word_1_265' title='bbox 915 3415 1000 3466; x_wconf 89' lang='lat' dir='ltr'><em>multo</em></span> <span class='ocrx_word' id='word_1_266' title='bbox 1015 3418 1141 3480; x_wconf 81' lang='lat' dir='ltr'><em>praestet,</em></span> <span class='ocrx_word' id='word_1_267' title='bbox 1168 3426 1227 3463; x_wconf 84' lang='lat' dir='ltr'><em>cum</em></span> <span class='ocrx_word' id='word_1_268' title='bbox 1249 3410 1344 3476; x_wconf 77' lang='lat' dir='ltr'><em>priore</em></span> 
     </span>
     <span class='ocr_line' id='line_1_32' title="bbox 170 3484 326 3550; baseline 0.019 -17"><span class='ocrx_word' id='word_1_269' title='bbox 170 3484 223 3534; x_wconf 89' lang='lat' dir='ltr'><em>loco</em></span> <span class='ocrx_word' id='word_1_270' title='bbox 239 3485 326 3550; x_wconf 83' lang='lat' dir='ltr'><em>posui.</em></span> 
     </span>
    </p>
   </div>
   <div class='ocr_carea' id='block_1_7' title="bbox 0 0 1686 5146">
    <p class='ocr_par' dir='ltr' id='par_1_11' title="bbox 0 0 1686 5146">
     <span class='ocr_line' id='line_1_33' title="bbox 0 0 1686 5146; baseline 0 0"><span class='ocrx_word' id='word_1_271' title='bbox 0 0 1686 5146; x_wconf 95' lang='lat' dir='ltr'><em> </em></span> 
     </span>
    </p>
   </div>
  </div>
 </body>
</html>
