3324 5146
271 502 288 555 6
378 498 504 554 GESTA
521 498 703 554 FEDERIOI
720 499 743 557 Ι.
763 499 1029 556 IMPERATORE
1046 499 1089 556 IN
1107 500 1346 558 LOMBARDIA.

272 679 388 745 barilia
410 687 484 746 tunc
507 681 655 763 temporis
674 687 836 763 pasturum
857 681 1027 746 secundnm
1050 681 1151 748 locum
1173 682 1298 749 obtinet.
1349 685 1448 766 Quem

272 775 406 850 tempore
432 769 632 834 indutiarum
656 769 842 834 secennium
867 769 951 834 inter
975 769 1196 852 imperatorem
1219 778 1248 836 ct
1270 773 1447 838 societatem

271 879 302 921 a.
322 864 417 923 1177.
448 858 622 940 factarum,
649 859 750 940 paulo
773 864 848 940 post
876 859 960 924 lunc
989 881 1125 942 annum,
1156 859 1231 948 nisi
1250 860 1318 925 iam
1346 861 1447 926 hieme

271 945 409 1012 eiusdem
428 946 518 1028 unni,
542 947 705 1029 scripsisse
719 947 852 1028 uidetur,
877 969 947 1012 cum
962 947 1057 1030 pacis
1077 970 1108 1012 a.
1124 955 1219 1013 1183.
1241 948 1447 1014 Constantine

271 1035 457 1116 compositae
478 1035 667 1100 mentionem
689 1057 754 1100 non
775 1036 887 1116 feccrit
896 1037 918 1099 1.
958 1036 1020 1118 Qui
1041 1058 1106 1102 non
1128 1038 1229 1102 solum
1245 1059 1314 1102 cum
1330 1037 1448 1103 librum

272 1126 424 1206 conderet,
455 1125 511 1189 secl
538 1124 605 1189 iam
634 1131 767 1206 tempore
798 1125 948 1190 bellorum
977 1131 1261 1190 1.]154-1162.
1288 1133 1448 1208 postorum

264 1219 433 1293 proiectae
462 1213 576 1277 aetatis
604 1213 705 1293 fuisse
734 1213 867 1295 uidetur,
898 1215 981 1294 quael
1009 1235 1078 1279 cum
1106 1214 1220 1280 lenitas
1247 1221 1277 1280 ct
1303 1215 1447 1296 aequitas

271 1300 375 1366 animi
402 1301 470 1366 eius
496 1304 616 1384 suadet,
647 1308 713 1366 tum
736 1323 774 1367 eu
796 1323 831 1367 eo
854 1301 1071 1367 coniciendum
1094 1309 1147 1385 est,
1178 1306 1262 1384 quool
1289 1325 1448 1385 nusquam

270 1410 303 1454 se
319 1389 456 1472 proeliis
478 1397 507 1456 et
528 1390 777 1472 expolitionibus
795 1390 1088 1456 Mediolanensinm
1110 1391 1295 1472 interfuisse
1318 1393 1444 1458 dicerit.

383 1478 462 1544 Cum
485 1479 561 1544 liaeo
583 1480 652 1544 sola
674 1482 712 1544 de
734 1486 860 1545 auctore
875 1485 1031 1562 comperta
1046 1481 1225 1562 lateamus,
1249 1481 1448 1546 nomenoius

271 1567 436 1649 enplorare
466 1567 641 1650 mouimus.
687 1569 876 1633 Habebatur
900 1568 1025 1650 quidem
1047 1591 1109 1651 per
1131 1569 1258 1634 saecula
1280 1570 1369 1634 Raul
1391 1591 1446 1634 seu

270 1655 437 1735 Raclnlfus
459 1655 590 1738 quidam
605 1663 715 1722 auctor
729 1657 825 1722 luins
840 1656 924 1739 libri,
948 1659 1004 1722 secl
1025 1659 1112 1723 nullo
1135 1657 1214 1723 iure.
1262 1659 1307 1722 In
1328 1658 1448 1723 recenti
1551 1697 1554 1704 ·

271 1743 357 1808 enim
379 1746 570 1828 apopraplm,
601 1748 684 1826 quoa
710 1747 811 1810 solum
838 1747 997 1828 caemplar
1019 1747 1115 1812 luins
1138 1747 1214 1812 libri
1236 1753 1345 1828 exstat,
1376 1769 1449 1812 eum

270 1839 445 1914 sequuntur
467 1835 555 1899 nullo
577 1833 745 1899 interuallo
767 1835 852 1914 facto
875 1841 1036 1916 tamquam
1051 1843 1164 1918 partes
1186 1836 1324 1901 eiusdem
1343 1836 1447 1918 operis

276 1921 374 1987 Gesta
389 1921 538 1988 Foderici
560 1922 597 1988 in
619 1923 813 2004 expeditione
835 1944 930 1988 sacra
952 1923 1045 2002 infra
1068 1924 1153 1988 celita
1176 1931 1205 1988 ct
1227 1924 1448 1988 adnotationes

271 2013 427 2092 quaedam
450 2013 602 2076 derebus
625 2017 885 2076 a.1201.1202.
912 2018 1007 2076 1230.
1030 2011 1135 2094 pestis,
1159 2011 1210 2076 lois
1233 2015 1356 2077 demum
1377 2013 1447 2077 sub·

271 2097 408 2180 scriptus
430 2105 475 2163 est
496 2121 606 2164 neruis
628 2099 830 2164 claudicans:

403 2187 471 2266 Qui
492 2189 579 2253 fecii
602 2190 668 2252 hoo
691 2209 785 2272 opus
811 2189 885 2254 Sire
907 2189 999 2253 Raul
1021 2190 1160 2254 nomine
1184 2191 1307 2254 dictus.

272 2275 319 2340 Et
347 2282 468 2340 constat
497 2275 635 2340 extitisse
664 2276 830 2357 antiquum
860 2277 994 2342 codicem
1023 2280 1131 2342 eadem
1161 2277 1377 2360 continentem,
1408 2299 1448 2343 en

272 2384 333 2445 quo
355 2384 463 2429 recens
478 2365 695 2447 apoproplum
718 2365 809 2429 nulla
824 2371 920 2447 parte
936 2365 1053 2430 omissa
1068 2367 1116 2430 oel
1131 2365 1243 2430 addita
1258 2366 1447 2448 descriptum

272 2473 338 2517 esse
360 2459 501 2535 apparet.
541 2453 711 2517 Tristanus
739 2453 874 2518 Colchus
896 2453 981 2518 enim
1003 2475 1111 2520 rerum
1132 2453 1267 2535 scriptor
1289 2453 1447 2519 Mediol-

272 2539 419 2606 ncnsium
448 2562 528 2606 saec.
560 2541 639 2606 XV.
670 2540 707 2605 in
736 2541 816 2605 libro
845 2563 902 2606 suo
931 2541 1114 2607 Mediolani
1146 2547 1240 2606 1627.
1271 2542 1352 2608 eclito
1381 2564 1448 2608 nou

272 2629 374 2694 solum
401 2629 499 2694 Gesta
521 2628 670 2695 Fcclcriei
692 2629 729 2694 in
751 2629 957 2712 Lombarclia,
985 2633 1041 2696 secl
1063 2637 1092 2695 et
1118 2631 1216 2696 Gesta
1238 2629 1388 2697 Feclerici
1410 2631 1448 2697 in

272 2717 468 2800 eupcclitione
489 2739 584 2784 sacra
607 2723 636 2782 et
658 2718 878 2784 adnotationes
899 2719 975 2784 illas
998 2741 1029 2784 a.
1049 2725 1143 2784 1201.
1164 2726 1257 2784 1202.
1278 2726 1373 2784 1230.
1397 2742 1448 2785 11-

271 2805 412 2888 scripsit,
447 2806 502 2888 qui
532 2807 596 2872 laco
625 2829 725 2889 supra
745 2830 782 2889 p.
807 2813 837 2871 5.
868 2815 1038 2873 memorato
1068 2809 1165 2874 allato
1194 2809 1321 2891 scripsit
1352 2809 1373 2874 l.
1401 2809 1446 2891 X,

265 2917 302 2977 p.
320 2901 403 2960 207.·
426 2917 445 2961 e
469 2896 593 2980 quibus
616 2917 725 2982 unum
748 2897 913 2964 sciuisse
936 2899 1154 2962 nominatum
1176 2899 1268 2964 inter
1288 2903 1448 2964 auctores

272 2989 407 3050 nostros
438 2985 521 3069 Syre
548 2982 640 3048 Rsul
670 2986 789 3050 scribit
799 2987 819 3064 ²,
851 2992 1009 3051 auctorem
1037 3009 1119 3066 eum,
1136 2987 1248 3051 luorum
1277 2987 1447 3052 aumatium

202 3091 204 3095 ’
271 3078 372 3136 ratus.
426 3073 490 3137 Sed
517 3073 575 3137 loc
605 3073 645 3138 G.
670 3073 716 3136 H.
741 3074 858 3138 Ρ11113
886 3081 915 3138 11
944 3075 995 3141 W.
1020 3077 1057 3140 cle
1084 3075 1303 3140 Gieselrrecllt4
1333 3075 1449 3158 optimo

261 3159 343 3224 ‘iure
372 3159 557 3226 reiecerunt.
610 3159 704 3225 Patet
731 3161 815 3225 enim
844 3161 949 3226 uirum
971 3169 1046 3244 post
1074 3185 1105 3228 a.
1124 3170 1219 3228 1230.
1250 3164 1448 3246 superstitem

272 3269 338 3312 non
359 3247 501 3330 potuisse
525 3270 555 3312 a.
575 3254 670 3312 1161.
701 3269 830 3314 munere
858 3249 963 3332 funpi,
993 3251 1122 3332 ideoque
1151 3251 1242 3317 illum
1264 3253 1353 3316 Raul
1381 3274 1448 3317 non

272 3342 431 3402 auctorem
459 3336 634 3419 Gestarum,
660 3339 716 3402 sea
737 3343 794 3402 aut
815 3338 952 3403 scribam
975 3339 1150 3404 libellorum
1172 3361 1229 3404 sno
1252 3339 1355 3405 coelice
1378 3362 1448 3406 con-

272 3424 451 3490 iunctorum
473 3425 574 3504 fuisse
596 3432 653 3490 ant
674 3447 726 3490 eos
747 3425 928 3492 scribendos
955 3449 1090 3510 curasse,
1122 3427 1177 3510 qui
1199 3449 1277 3493 unm
1303 3427 1370 3510 ipse
1393 3431 1448 3494 acl-

273 3513 466 3580 notationem
499 3515 537 3578 cle
570 3513 781 3580 inundatione
819 3513 926 3580 Ticini
958 3515 1054 3594 fluuii
1087 3537 1117 3581 a.
1144 3523 1239 3582 1230.
1274 3517 1447 3599 scripserit,

273 3623 393 3684 annon,
418 3600 562 3668 dubitare
577 3603 700 3684 potes⁵.

273 3757 300 3826 1)
323 3758 387 3810 Post
411 3757 480 3810 lianc
502 3774 593 3827 precem
618 3759 719 3823 factam
737 3759 926 3811 Aleuanalrum
947 3777 1050 3828 papam
1073 3775 1128 3813 nan
1151 3763 1286 3828 arcuisset
1304 3764 1450 3830 promissis

271 3845 326 3882 non
343 3832 456 3882 seruatis
472 3829 639 3883 Lamban-das
655 3830 809 3886 deseruisse.
899 3831 927 3898 2)
954 3832 992 3884 Et
1016 3833 1046 3883 in
1064 3833 1191 3900 prolopo:
1216 3831 1328 3900 quidam
1353 3838 1449 3887 noster

271 3898 484 3954 Mediolanensis
503 3899 571 3968 Syre
589 3898 662 3954 Raul
680 3901 861 3968 nuncupatus,
887 3909 957 3968 quae
982 3902 1093 3956 inten'm
1117 3903 1146 3956 in
1165 3903 1233 3958 urbe
1251 3903 1357 3972 fierent,
1383 3904 1446 3958 sub-

273 3969 388 4026 ornavit.
473 3971 500 4038 3)
517 3973 564 4026 SS.
583 3970 694 4037 XVIII,
711 3989 740 4039 p.
759 3973 820 4026 359.
910 3973 939 4040 4)
955 3973 988 4028 L.
1008 3974 1025 4026 l.
1040 3992 1071 4042 p.
1089 3977 1150 4030 303.
1241 3977 1268 4041 ir)
1284 3977 1356 4026 Eum
1374 3978 1448 4028 circa

227 4044 229 4047 ’
272 4058 299 4096 a.
313 4044 392 4096 1230.
413 4044 511 4094 ciuisse
528 4044 643 4095 conicere
657 4049 740 4110 potes,
764 4057 845 4110 neque
862 4049 950 4096 tamen
968 4045 1015 4098 hoc
1032 4053 1140 4101 cmstat.
1176 4046 1215 4098 Et
1232 4046 1275 4098 liic
1293 4047 1354 4098 Sire
1371 4047 1449 4098 Raul

269 4119 358 4180 posset
375 4129 428 4164 1111
447 4113 537 4165 Guido
553 4113 585 4164 de
602 4113 698 4180 Ranle,
723 4115 771 4181 qui
787 4115 906 4170 11235.
933 4118 1049 4168 occurrit
1070 4117 1200 4184 (Giulini,
1222 4117 1357 4169 ‘Memorc'e
1374 4118 1448 4170 della

273 4182 340 4236 11111
357 4199 371 4236 1
388 4199 538 4251 compapna
556 4185 587 4236 11
598 4185 714 4236 Milano'
734 4186 811 4240 1855.
825 4185 841 4236 1
846 4185 876 4252 V,
893 4203 922 4254 p.
935 4188 1011 4254 369),
1031 4193 1062 4238 ut
1078 4195 1163 4240 monet
1180 4189 1220 4244 W.
1238 4189 1270 4240 dc
1283 4189 1449 4242 Giesetrccm

274 4255 292 4310 l.
312 4255 330 4310 l.
346 4272 375 4322 p.
395 4257 447 4309 303
472 4255 531 4322 (sad
550 4255 659 4307 Giulini
675 4255 725 4320 IV,
748 4273 777 4324 p.
796 4258 857 4310 333.
876 4260 938 4313 339.
959 4273 1013 4310 non
1032 4259 1174 4310 (11111111
1191 4259 1287 4326 111111,
1309 4260 1448 4314 11111111-

273 4325 362 4378 brmht
380 4327 452 4392 dicit,
476 4327 521 4378 sul
540 4327 628 4378 (luido
645 4327 682 4378 aa
700 4326 741 4379 Ro
759 4329 891 4390 occurrit,·
916 4335 941 4380 11
958 4328 1019 4381 Rho
1035 4336 1073 4380 111
1091 4329 1192 4396 Raude,
1212 4345 1263 4384 nan
1282 4331 1392 4396 Raule).
1411 4361 1446 4371 -

276 4397 421 4449 Tristonus
439 4397 562 4464 Calchas,
581 4397 654 4452 Hist.
669 4404 744 4465 patr.
760 4416 789 4466 p.
808 4401 870 4454 207.
896 4401 977 4464 offert
1001 4401 1199 4468 inscriptionem
1217 4401 1251 4454 ab
1268 4403 1327 4470 ipso
1344 4405 1448 4456 visam

271 4465 391 4521 Ioannes
408 4465 498 4522 Raulo
516 4466 551 4521 de
569 4465 648 4521 Busti
665 4467 774 4522 Arsioio
793 4469 861 4522 obiit
878 4467 1031 4526 Mcaoxs.
1049 4468 1179 4527 Ianuarii.
