3324 5146
305 517 358 572 EX
376 516 509 572 IAOOBI
527 517 717 587 AQUaNsrs
737 515 903 572 ORONIOA
922 515 1116 572 YMAGINIS
1135 517 1270 574 MUNDI.
1344 521 1378 574 95

203 701 322 764 timuit
357 705 392 766 et
426 701 521 764 misit
555 704 673 764 nostro
707 701 920 784 imperatori,
960 702 1052 783 quod
1086 701 1162 764 vult
1197 702 1278 764 dare
1313 701 1467 768 sibi1190.

119 855 121 858 .
204 789 370 854 victualia
399 789 551 872 pacifice.
598 789 791 873 Imperator
813 809 893 853 vero
916 793 1033 853 noster
1059 785 1209 873 [propter
1231 789 1378 854 fetorem

204 882 418 942 mortuorum
428 872 448 958 1]
474 879 564 962 petit
587 898 607 941 a
630 877 773 942 soldano
789 878 854 942 sibi
870 878 945 942 dari
961 877 1115 962 obsydea
1140 881 1180 942 ut
1204 879 1311 962 possit
1335 879 1377 942 de

205 988 244 1031 eo
269 967 450 1031 confidere.
496 965 542 1030 Et
566 967 663 1032 dedit
678 967 777 1030 nobis
793 966 937 1050 obsydes
954 966 1083 1030 IIII⁰r2
1107 968 1149 1031 de
1165 966 1377 1050 principibus
1388 989 1505 1039 (vassas).

205 1056 285 1119 suis.
331 1055 377 1118 Et
401 1055 466 1118 hoe
489 1055 584 1118 facto
607 1056 803 1119 retrocessit
826 1075 847 1118 a
871 1055 1010 1118 civitate
1033 1055 1096 1118 illa
1115 1056 1302 1138 imperator
1317 1075 1378 1140 per

204 1145 273 1207 tria
302 1143 451 1207 miliaria
480 1147 620 1227 propter
642 1143 791 1208 fetorem
813 1147 1036 1207 mortuorum.
1083 1144 1187 1207 Modo
1211 1144 1378 1208 habemus

204 1233 318 1296 forum
342 1232 385 1296 de
407 1231 626 1308 victualibus,
656 1235 775 1296 tamen
804 1232 906 1295 nimis
931 1231 1079 1295 carum3.
1126 1231 1172 1294 Et
1195 1233 1276 1314 quia
1300 1233 1378 1313 equi

205 1321 407 1385 defecerunt
429 1320 539 1396 nobis,
571 1321 652 1402 quia
674 1320 752 1384 illos
777 1321 1042 1397 comederemus,
1073 1321 1163 1404 petit
1192 1321 1379 1404 imperator

159 1447 160 1451 =
204 1413 321 1474 noster
351 1431 372 1472 a
401 1409 544 1473 soldano
576 1409 841 1473 Sarracenorum
870 1409 985 1472 forum
1015 1410 1058 1473 de
1088 1409 1193 1491 equis.
1240 1409 1286 1472 Et
1316 1409 1378 1472 sol-

205 1499 314 1561 danus
343 1498 430 1562 iecit
460 1499 527 1561 cito
551 1498 667 1561 venire
697 1499 881 1560 maximam
911 1497 1172 1560 multitudinem
1202 1517 1376 1579 equorum,

122 1593 123 1596 ’
203 1590 321 1650 tamen
336 1587 577 1650 vendebantur
593 1586 768 1649 carissimi.
797 1585 1005 1649 Vendebant
1021 1587 1113 1649 enim
1127 1607 1237 1648 unum
1253 1603 1378 1668 equum

205 1679 345 1738 centum
367 1676 546 1738 marchasa
574 1675 720 1756 argenti.
765 1674 863 1737 Tunc
893 1673 1001 1756 aliqui
1027 1677 1184 1738 nostrum
1213 1678 1378 1758 oeperunt

203 1765 237 1826 in
271 1765 415 1828 emendo
446 1763 602 1846 decipere
631 1761 710 1826 illos
733 1762 886 1825 Turchos
917 1766 953 1826 et
982 1763 1063 1826 dare
1094 1763 1142 1826 eis
1172 1756 1253 1846 prob
1282 1763 1396 1845 equis

203 1852 334 1916 malum
358 1855 548 1934 argentum.
597 1849 697 1929 Quod
720 1854 760 1914 ut
784 1851 945 1934 cognovit
968 1851 1141 1928 soldanus,
1171 1855 1377 1933 conquestus
1463 1908 1466 1913 .

204 1945 256 2004 est
280 1943 322 2004 de
347 1941 412 2003 hoo
436 1944 520 2023 aput
544 1941 787 2023 imperatorem
809 1942 976 2002 nostrum.
1023 1939 1216 2023 Imperator
1231 1959 1311 2003 vero
1329 1959 1378 2002 re-

203 2029 297 2092 misit
321 2029 387 2105 ei⁰‚
412 2031 504 2110 quod
528 2031 593 2092 hoc
618 2031 670 2092 est
692 2028 835 2105 iactum,
861 2029 942 2110 quia
962 2047 1066 2110 equos
1082 2029 1238 2092 vendunt
1260 2023 1374 2091 ulerad

203 2138 306 2199 quam
337 2117 475 2181 debent.
522 2117 567 2179 Et
596 2121 682 2180 tunc
711 2120 764 2181 est
794 2117 1005 2194 ordinatum,
1037 2117 1128 2198 quod
1159 2117 1201 2180 de
1230 2120 1377 2198 utraque

204 2209 307 2288 gente
331 2206 401 2268 sint
424 2205 650 2268 mediatores⁰
678 2207 769 2269 iuter
790 2199 982 2269 ementemf
1010 2209 1044 2269 et
1067 2206 1284 2269 vendentem.
1332 2205 1377 2267 Et

204 2295 252 2358 sic
274 2294 408 2358 factum
432 2297 543 2357 estet
567 2297 702 2357 servata
724 2293 859 2356 iustitia
882 2295 924 2357 de
947 2295 1062 2376 precio
1086 2294 1254 2356 ordinato.

373 2465 422 2518 DE
441 2463 533 2518 ALIO
553 2463 694 2518 PRELIO
714 2462 868 2518 CONTRA
887 2463 1167 2518 TUROHIMANOS
1179 2474 1207 2520 s,

310 2559 497 2641 Postquam
520 2560 711 2623 recedimus
736 2579 756 2621 a
778 2561 872 2622 terra
895 2558 1038 2636 soldani,
1056 2559 1212 2622 venimus
1236 2560 1280 2622 ad
1296 2558 1376 2621 Tur·

204 2648 414 2724 ohimanos⁸‚
451 2649 510 2730 qui
544 2651 626 2710 suut
661 2647 817 2711 homines
853 2650 1004 2730 agrestes
1040 2651 1075 2711 et
1109 2648 1182 2711 sine
1216 2647 1313 2730 lege⁰
1342 2651 1377 2712 et

203 2737 347 2800 ratione.
394 2736 439 2800 Et
469 2736 528 2798 isti
557 2735 695 2799 fortiter
725 2755 787 2798 nos
816 2736 1022 2818 impugnant
1052 2739 1088 2798 et
1112 2756 1190 2798 cum
1213 2735 1318 2818 lignis
1342 2740 1377 2800 et

203 2823 376 2908 lapidibus
406 2828 442 2887 et
471 2828 573 2888 nocte
604 2827 639 2886 et
669 2823 733 2899 die,
766 2826 801 2886 εὴ
824 2824 889 2886 viri
917 2826 951 2887 et
974 2823 1150 2900 mulieres;
1183 2828 1218 2887 et
1248 2823 1376 2888 multos

205 2914 246 2976 de
269 2912 340 2976 illis
363 2913 560 2976 occidimus.
607 2911 653 2974 Et
676 2915 929 2994 persequuntur
951 2931 1023 2987 nos,
1049 2931 1156 2992 usque
1181 2913 1263 2974 dum
1286 2913 1376 2976 veni·

175 3025 177 3028 ·
203 3022 278 3065 mus
302 3002 339 3064 in
354 3001 564 3065 Armeniam.
600 3000 644 3063 In
660 3000 824 3063 Armenia
839 3003 956 3062 autem
979 3003 1061 3062 sunt
1076 3003 1210 3063 montes
1226 3001 1374 3077 maximi,

203 3109 305 3174 super
329 3110 412 3172 quos
434 3089 651 3153 ascendimus
674 3108 792 3152 omnes
815 3109 893 3152 cum
913 3088 1060 3151 maximo
1075 3087 1209 3166 labore;
1234 3093 1269 3153 εὴ
1291 3093 1376 3152 tunc

103 3189 105 3192 ’
203 3171 446 3242 Tmchimanih
474 3178 657 3241 dimittunt
686 3197 759 3240 nos.
805 3177 848 3239 In
877 3177 945 3240 ista
975 3180 1092 3240 autem
1119 3171 1293 3241 Arminia¹
1328 3178 1376 3240 in·

9 3267 10 3274 ’
204 3267 359 3330 venimus
379 3268 534 3330 homines
550 3267 644 3330 ultra
658 3267 799 3330 modum
815 3265 987 3330 silvestres
1011 3270 1046 3329 et
1070 3260 1195 3330 durosk
1214 3268 1256 3330 de
1272 3267 1375 3330 omni·

203 3355 266 3419 bus
297 3359 332 3420 et
361 3357 518 3433 rusticos,
549 3359 668 3420 tamen
698 3356 784 3419 dant
813 3354 912 3417 nobis
942 3354 1054 3418 forum
1086 3355 1128 3418 de
1156 3354 1374 3418 victualibus.

203 3444 307 3508 Modo
343 3445 580 3508 descendimus
620 3445 665 3508 ad
698 3462 859 3524 magnam
897 3441 1080 3525 planitiem
1114 3446 1149 3506 et
1183 3443 1376 3506 invenimus

203 3531 331 3596 flumen
362 3552 526 3615 magnum
555 3532 694 3596 nomine
726 3530 869 3614 Calphy.
916 3530 962 3594 Et
990 3531 1147 3595 vadimus
1177 3551 1238 3615 per
1265 3532 1376 3615 ripam

204 3619 354 3684 fluminis
378 3641 439 3704 per
462 3621 547 3684 duos
572 3621 644 3684 dies
668 3640 746 3683 cum
769 3619 918 3683 maxima
934 3620 1168 3684 consolatione
1192 3625 1227 3684 et
1251 3620 1374 3698 letitia,

204 3807 270 3858 s)sr'c
284 3809 346 3850 codd.
386 3809 410 3856 b)
424 3820 452 3852 m.
466 3821 513 3858 arg.
527 3821 568 3858 pro
583 3821 617 3859 eq.
632 3810 680 3852 1³2.
721 3811 742 3858 c)
756 3809 870 3851 castas.
912 3807 1104 3856 d)sliter131.2,
1143 3813 1165 3858 e)
1179 3809 1313 3850 medietores
1328 3811 1375 3852 Β1.

204 3859 302 3907 Ovend.
317 3865 341 3900 et
354 3871 396 3902 em.
410 3863 458 3904 Ba.
525 3865 548 3910 g)
562 3863 692 3902 turchianos
707 3864 734 3904 A.
797 3863 820 3909 h)
835 3862 973 3902 turchlniani
988 3865 1014 3906 A.
1075 3863 1376 3911 i)sioh.z.11.131,infra

205 3914 269 3952 etiam
283 3914 338 3962 132,·
354 3915 455 3954 armenia
469 3916 489 3958 h.
500 3915 514 3958 l.
528 3915 576 3957 132.
631 3916 654 3962 k)
669 3921 692 3955 et
706 3915 816 3957 addin.

205 4056 231 4123 1)
248 4056 322 4108 Miro
334 4057 410 4108 modo
428 4056 491 4108 hoec
503 4056 590 4122 verba
610 4072 678 4122 quac
695 4057 770 4107 uncis
788 4057 894 4122 inclusi,
915 4056 963 4108 hoc
982 4058 1036 4109 loco
1050 4073 1194 4124 perperam
1210 4059 1299 4125 posita
1317 4075 1376 4110 eum

205 4128 292 4179 Gestis
308 4129 472 4193 conwniuat,
492 4143 558 4194 quae
576 4129 654 4191 infra
671 4132 815 4180 recurrunt
831 4133 900 4178 recto
913 4127 975 4183 loco.
1029 4129 1057 4195 2)
1073 4130 1177 4194 Vipiaa
1188 4129 1289 4182 obsides
1300 4131 1377 4182 datos

203 4214 256 4250 mse
274 4205 387 4250 testatur
408 4199 513 4265 Tupcno
531 4199 671 4266 (Mapnus,
691 4197 829 4261 Ansbat.)
847 4203 871 4248 ct
888 4199 999 4264 epistola
1018 4200 1065 4254 SS.
1085 4201 1149 4265 XX,
1166 4218 1195 4268 p.
1209 4203 1270 4256 495.
1305 4202 1377 4253 Unde

203 4276 296 4321 aanor
313 4270 386 4324 Hist.
404 4271 501 4324 Fredr.
520 4265 640 4322 XXIIII
664 4270 801 4336 scripsisse
824 4269 937 4334 uidem,
963 4277 994 4322 ut
1016 4271 1095 4323 Gaio
1120 4278 1144 4323 et
1170 4273 1321 4324 ‘L’Estoire
1345 4273 1377 4322 de

203 4341 324 4393 malm
342 4357 363 4396 c.
382 4343 425 4396 24.
451 4343 481 4393 in
506 4342 622 4394 ‘Recucil
639 4343 683 4394 des
701 4341 763 4394 hist.
787 4339 832 4390 des
849 4340 990 4408 croisades,
1016 4343 1088 4397 Hist.
1107 4343 1196 4398 occid!
1215 4343 1254 4409 II,
1271 4361 1300 4410 p.
1315 4343 1375 4397 135.

203 4411 306 4466 babeat.
361 4411 389 4480 3)
406 4412 472 4535 lboe'
492 4413 560 4480 quod
578 4415 608 4464 in
622 4414 709 4466 Gestis
720 4426 773 4463 nou
786 4409 906 4476 habetur,
925 4413 1101 4478 confirmatur
1112 4414 1198 4466 perbis
1213 4415 1376 4479 Tapenonis:

203 4483 231 4534 et
249 4481 271 4533 si
289 4498 353 4535 cere
370 4499 423 4536 ven
443 4487 542 4538 eretur.
