3324 5146
298 505 425 564 GESTA
441 504 623 562 FEDERICI
639 506 664 564 Ι.
682 505 949 562 MPERATORJS
966 503 1010 560 IN
1027 503 1266 562 LOMBARDIA.
1339 508 1373 562 11

701 665 869 752 Archetypnc

786 752 790 892 t

251 962 272 998 n
538 960 557 1008 p
684 941 835 1009 Exemplar
852 957 911 994 cnm
931 941 1000 995 Gest.
1019 941 1083 996 Feol.
1102 943 1132 992 in
1149 941 1239 1009 enpeil.
1259 957 1339 994 sacro

199 1170 271 1222 Ann.
285 1165 393 1220 Mediol.
467 1011 591 1228 Gothifr.
610 1163 642 1216 de
834 1014 1022 1222 Χ

265 1239 329 1292 min.
491 1236 607 1288 ansero
784 1232 860 1285 Ronl
975 1233 1152 1300 Godapncllns

432 1455 509 1510 Galo.
527 1303 656 1508 A'lamma
744 1303 937 1508 Ascbahns
1016 1304 1144 1508 BsNP

312 1548 390 1614 Onon
405 1568 477 1612 nero
492 1547 708 1612 antleentienrn
723 1568 800 1630 opns
821 1547 961 1613 anctoris
975 1545 1230 1612 Mediolanensis
1252 1552 1377 1611 tontnrn

194 1659 256 1722 per
277 1637 413 1703 codicem
435 1635 637 1700 Ranliannrn
659 1635 749 1700 nobis
771 1642 930 1701 seroatnrn
958 1635 1009 1718 sit,
1038 1636 1094 1700 loc
1124 1657 1189 1700 non
1218 1635 1377 1718 inteprnrn

200 1729 245 1792 acl
272 1747 331 1791 nos
354 1724 537 1807 pervenisse
565 1724 683 1806 alionis
711 1724 851 1790 conicere
867 1730 983 1806 posset.
1031 1725 1096 1789 Sed
1116 1725 1173 1789 loc
1195 1725 1376 1806 necandam

200 1821 254 1897 est,
285 1814 380 1878 irnrno
402 1819 532 1895 praeter
561 1813 695 1878 loannes
724 1815 805 1878 clnas
833 1813 901 1878 iarn
928 1834 1028 1895 snpra
1059 1809 1104 1894 (p.
1128 1814 1163 1896 7)
1193 1811 1376 1878 indicatas1

200 1903 285 1969 nillil
299 1901 437 1985 periisse
459 1922 498 1967 en
520 1923 554 1966 eo
570 1908 669 1984 patet,
698 1905 782 1983 qnocl
803 1924 859 1968 nec
886 1901 1096 1984 Codapnellns
1118 1921 1216 1982 mane
1239 1900 1299 1966 alii
1321 1900 1377 1982 qni

199 1991 373 2075 penninnrn
396 2011 473 2072 opns
496 1989 687 2073 ensoripsere
709 1991 811 2073 plnra
833 1992 997 2073 praebent,
1028 2010 1108 2071 qnae
1135 2010 1173 2056 en
1195 2010 1229 2054 eo
1251 1995 1377 2071 snrnpta

202 2102 267 2146 esse
283 2085 423 2163 possent.

314 2168 442 2234 Codices
469 2168 503 2232 A
532 2174 562 2232 et
588 2167 623 2232 B
653 2167 720 2250 ipse
749 2167 902 2250 exscripsi
931 2174 961 2233 et
989 2188 1067 2232 sane
1095 2169 1221 2232 nberern
1248 2186 1378 2231 rnessern

203 2259 471 2324 ernendanclornrn
493 2262 522 2321 et
536 2256 647 2321 cariae
663 2256 805 2321 lectionis
819 2256 895 2321 inole
909 2255 1078 2338 reportoni,
1103 2254 1219 2320 coelicis
1233 2254 1267 2318 A
1282 2253 1378 2318 etiarn

201 2346 297 2412 naria
320 2345 449 2411 lectione
471 2367 493 2408 a
516 2344 666 2427 Philippo
689 2345 780 2424 Joffe
809 2343 967 2426 enscrepta
995 2365 1081 2426 nsns,
1113 2350 1282 2424 antennam
1310 2341 1378 2424 ipse

203 2457 274 2501 enrn
295 2433 478 2499 Mediolani
500 2433 615 2498 iternrn
637 2433 816 2500 eooloeren.
866 2431 992 2499 Codicis
1014 2433 1048 2498 P
1067 2432 1193 2497 nariarn
1216 2430 1377 2496 lectionern

203 2545 242 2589 en
264 2521 399 2589 editione
422 2521 544 2588 Pertrii
567 2521 733 2605 assnnnpsi.

310 2611 494 2677 Editionern
508 2633 610 2676 ineant
628 2611 676 2676 ita
690 2609 825 2692 institni,
849 2615 885 2675 nl
907 2631 1018 2675 earnrn
1033 2608 1189 2692 partinne,
1213 2607 1250 2673 in
1265 2607 1378 2690 qnibns

209 2701 419 2783 Coelapnellns
441 2699 525 2764 ntnn
546 2700 594 2764 ael
609 2721 775 2782 perpanea
795 2698 935 2780 rnntaoit,
959 2720 1059 2764 nnnnn
1074 2704 1199 2779 tentnrn,
1224 2696 1377 2762 anthenti-

204 2810 275 2854 cnne
296 2788 447 2870 videlicet,
479 2790 597 2869 elorern,
621 2787 797 2853 subnotatis
820 2787 1012 2868 lectionibus,
1036 2807 1116 2868 qna
1139 2809 1160 2850 a
1188 2785 1378 2867 Ooclapnello

203 2883 342 2942 nintotas
365 2882 421 2941 ant
443 2898 464 2940 a
487 2875 633 2940 librariis
655 2882 820 2956 corrnptas
842 2873 992 2956 indicari,
1023 2874 1060 2939 in
1088 2874 1139 2938 leis
1162 2873 1312 2956 partibus
1341 2873 1379 2938 in

203 2967 368 3032 nerbornrn
401 2963 638 3030 scribendornrn
675 2963 799 3028 ratione
834 2962 968 3029 coelicern
996 2963 1030 3028 B
1066 2965 1228 3044 secntns²,·
1268 2983 1379 3028 eornm

204 3061 309 3121 antern
331 3053 487 3136 partinrn,
518 3073 598 3134 qnos
632 3051 841 3134 Codapnellns
869 3051 906 3117 in
935 3051 1036 3117 aliarn
1066 3051 1204 3131 forrnarn
1232 3049 1380 3134 redipens

205 3141 398 3208 nrlnlteraoit
419 3141 546 3224 snisqrn
569 3141 749 3207 commentis
771 3140 945 3222 arnpliaoit,
969 3162 1069 3223 snpra
1088 3147 1205 3206 tentnne
1224 3139 1379 3205 anthenti-

205 3254 275 3298 cnrn
296 3231 471 3312 Gestornrn,
495 3230 589 3310 infra
612 3252 682 3296 enne
697 3229 814 3295 Libelli
833 3229 983 3294 tristitiae
1006 3236 1035 3294 et
1057 3229 1175 3294 doloris
1195 3227 1380 3311 Codapnell'

205 3320 394 3402 enliberern,
427 3319 483 3384 illo
512 3318 635 3384 anxilio
665 3318 759 3383 lnins
788 3320 964 3399 emendato,
998 3317 1053 3383 nli
1083 3317 1220 3400 opartnit
1248 3323 1277 3382 et
1305 3316 1380 3397 sieri

199 3408 314 3492 potnit,
338 3407 375 3472 in
398 3408 449 3472 llis
464 3407 615 3490 partibas
630 3408 817 3490 plernrnqne
839 3406 996 3471 rationein
1018 3408 1183 3471 nerlornrn
1204 3405 1396 3471 scribendo·'

205 3519 278 3562 rnrn
293 3495 409 3562 coelicis
423 3496 456 3560 A
472 3503 603 3578 secntns,
627 3494 761 3578 conceptis
783 3494 826 3559 iis
848 3515 928 3576 qnae
949 3493 1016 3558 iarn
1030 3516 1130 3577 snpra
1145 3517 1181 3576 p.
1197 3500 1226 3576 7,
1250 3516 1282 3560 n.
1300 3501 1330 3560 8.
1348 3500 1379 3557 9.

206 3585 300 3650 attnli
328 3585 552 3667 sinilibnsqne,
586 3605 651 3650 non
680 3585 908 3649 onenndatns
937 3585 1094 3648 nonnnlla
1122 3585 1218 3648 cerba
1245 3582 1283 3648 in
1311 3581 1381 3647 alio

199 3680 295 3758 parte
329 3673 427 3738 libelli
460 3673 555 3739 aliter
587 3672 760 3756 scripsisse.
814 3673 949 3737 Praeter
982 3671 1226 3754 ortloyraplcica
1259 3693 1381 3736 ornnem

205 3762 332 3827 cariano
355 3761 525 3844 lectionem,
555 3761 651 3826 etiarn
679 3763 795 3826 nendo
824 3761 965 3826 coclicnrn
991 3760 1099 3825 ornnia
1121 3759 1297 3841 snbnotaoi,
1326 3761 1382 3824 secl

206 3872 245 3916 en
267 3850 452 3914 Annalibns
474 3850 674 3916 Placentinis
697 3846 758 3933 (P)
782 3871 821 3914 ea
843 3854 967 3914 tontnrn
989 3849 1091 3930 attnli,
1122 3847 1235 3930 qsnibns
1257 3846 1383 3930 aliqniil

206 3938 354 4004 rnornenti
375 3937 478 4002 inesse
500 3940 545 4003 acl
566 3945 683 4004 tentnrn
710 3938 877 4004 Gestornrn
900 3944 956 4002 ant
977 3937 1073 4002 In'bri
1095 3935 1244 4002 tristitiae
1271 3935 1381 4002 coristi-

207 4030 357 4093 tnenclnrn
384 4025 507 4108 censen,
531 4025 770 4109 praetermissis
798 4025 841 4090 iis
870 4047 951 4108 qnae
977 4027 1017 4090 ab
1045 4031 1171 4091 anctore
1193 4023 1381 4092 Placentino

212 4116 371 4182 ffioetttno
393 4121 516 4180 rnntota
538 4136 603 4180 esse
625 4114 706 4179 niili
721 4135 913 4197 persnasnrn
935 4114 1009 4194 fnit.

209 4273 235 4338 1)
259 4272 315 4326 Sao
339 4289 365 4324 a.
386 4275 465 4338 1177,
495 4271 544 4323 nli
566 4271 593 4324 A
623 4271 749 4322 lennem
773 4271 862 4336 hala,
889 4270 1006 4336 Codapn.
1031 4272 1166 4336 inteprnm
1189 4277 1214 4323 et
1237 4271 1383 4336 penninnm

208 4350 309 4396 wrm
317 4345 433 4412 paene.
488 4343 517 4410 2)
527 4343 719 4409 Praeterpcam
736 4342 806 4408 qnod
817 4341 947 4408 aeneam
964 4341 1044 4394 narba
1061 4343 1178 4408 sinentis
1196 4343 1259 4394 locis
1273 4347 1383 4410 praeter

207 4421 355 4468 connatam
366 4416 498 4468 rationem
510 4415 621 4482 scripta,
640 4420 671 4465 nt
683 4411 863 4480 opresionem,
881 4411 1075 4481 neceesarium,
1088 4412 1256 4482 colegemnt,
1269 4410 1382 4478 bannivit,

208 4501 236 4538 eo
253 4487 329 4539 morlo
346 4487 452 4554 scripsi,
472 4500 523 4553 qno
540 4487 567 4537 A
584 4491 609 4537 et
626 4485 692 4536 aliis
711 4485 774 4536 locis
791 4483 817 4536 B
834 4499 865 4536 eo
880 4485 1016 4552 praem.
