3324 5146
280 465 314 518 90
387 459 511 515 GES'I’A
529 457 709 514 FEDERIOI
727 457 751 514 Ι.
769 456 850 512 ΙΜΡ.
870 455 911 512 IN
929 453 1192 512 EXPEDITIONE
1211 456 1347 516 SAGRA.

192 641 487 718 1190.sarcinis²·¹‚
524 644 683 706 ductores
718 640 853 705 soldani
886 640 1053 722 fugerunt
1083 640 1126 704 ab
1156 660 1207 706 eo.
1261 641 1455 724 Imperator

280 753 359 797 vero
384 732 482 795 duxit
506 751 563 796 eos
586 751 647 814 per
670 731 842 812 quandam
866 729 1050 813 planiciem
1073 749 1135 813 per
1157 730 1355 814 quindecim
1370 731 1453 807 dies,

281 823 342 886 sed
370 841 441 884 non
470 819 693 883 inveniebant
728 819 773 882 ad
804 818 1066 894 comedendum,
1103 819 1163 883 sed
1198 813 1450 882 comedebantb

281 930 395 992 equos.
440 907 527 972 Cum
550 909 587 971 in
610 907 680 971 illis
703 907 859 991 partibus
883 909 1034 989 agrestes
1057 906 1185 971 Turchi
1209 910 1374 990 putarent
1397 927 1455 972 eos

281 997 446 1062 defecisse
468 997 592 1074 fame²‚
617 997 887 1080 preparaverunt
910 1014 946 1059 se
969 995 1014 1058 ad
1036 994 1169 1058 bellum
1185 1015 1263 1058 cum
1279 995 1454 1079 peditibus

167 1090 316 1157 (natust
339 1085 517 1162 militibus,
542 1088 583 1148 ut
606 1087 802 1169 pugnarent
818 1105 894 1148 cum
912 1083 971 1147 eis.
1007 1083 1201 1166 Imperator
1217 1087 1334 1148 autem
1349 1105 1455 1148 manu

281 1175 376 1257 gravi
401 1175 527 1238 devicit
551 1193 624 1250 eos;
656 1174 716 1238 sed
738 1173 886 1236 maxima
909 1171 1099 1235 multitudo
1122 1172 1337 1236 Turchorum
1359 1172 1455 1256 fuge

279 1267 361 1326 runt
396 1263 433 1325 in
467 1262 616 1345 quadam
651 1261 844 1325 clausura0.
904 1260 950 1324 llt
984 1260 1213 1324 Theothonioi
1248 1264 1456 1345 acceperunt

280 1352 376 1434 ligna
399 1355 435 1414 et
457 1351 538 1433 igne
562 1351 796 1414 conbuserunt
826 1369 898 1426 eos;
931 1352 966 1413 et
997 1349 1121 1413 deinde
1145 1349 1273 1413 Turchi
1303 1353 1456 1432 agrestes

280 1440 448 1522 fugerunt
471 1442 507 1502 et
530 1438 677 1522 amplius
700 1459 770 1501 non
792 1438 937 1502 fuerunt
961 1438 1080 1502 secuti.

387 1527 509 1591 Altera
538 1546 618 1590 vero
649 1527 704 1591 die
734 1521 963 1591 Melecrinus‘l
996 1526 1088 1590 filius
1119 1525 1255 1590 soldani
1285 1547 1363 1595 cum
1393 1547 1455 1591 suo

282 1617 434 1681 exercitu
457 1616 628 1679 obviarit⁰
657 1615 855 1698 imperatori
879 1618 915 1680 et
938 1615 1031 1679 misit
1054 1616 1099 1678 ad
1122 1634 1201 1679 eum
1226 1615 1358 1680 dicens:
1385 1614 1455 1679 ‘Re-

281 1704 429 1768 verterel
467 1702 558 1782 Quid
587 1704 701 1770 facere
731 1707 842 1787 putas,
875 1724 953 1767 cum
984 1703 1131 1788 amplius
1159 1703 1305 1767 habeam
1329 1702 1456 1768 vexilla

282 1813 385 1876 quam
408 1796 448 1856 tu
471 1792 638 1857 milites?’
686 1792 732 1856 Et
756 1813 834 1856 cum
857 1793 1068 1876 pervenisset
1098 1793 1143 1856 ad
1173 1792 1346 1874 quendam
1375 1813 1454 1876 pon-

155 1886 362 1958 (narnntem,
387 1881 515 1945 Turohi
544 1881 688 1946 fuerunt
712 1885 793 1947 ante
817 1884 853 1945 et
874 1885 978 1945 retro.
1025 1880 1106 1944 Dux
1127 1900 1208 1945 vero
1232 1881 1396 1964 precessit
1419 1884 1455 1944 et

281 1970 450 2054 pugnavit
481 1990 559 2033 cum
588 1971 636 2034 eis
660 1973 696 2034 et
719 1970 846 2033 devicit
874 1988 941 2046 eos,
972 1971 1159 2052 imperator
1188 1989 1229 2034 ex
1259 1969 1328 2033 alia
1357 1973 1455 2053 parte

282 2059 367 2121 alios
402 2058 539 2140 fugavit
574 2062 610 2122 et
644 2059 827 2121 maximnm
865 2061 999 2142 partem
1033 2057 1210 2122 interfecit
1246 2061 1281 2122 et
1315 2061 1456 2142 pontem

155 2147 454 2220 (nasr14)‚transivit.
489 2146 624 2211 Deinde
647 2147 796 2210 maxima
819 2150 855 2211 et
877 2147 1016 2210 infinita
1037 2146 1226 2210 multitudo
1242 2146 1457 2212 Turchorum

283 2255 324 2300 ex
347 2237 441 2298 omni
463 2239 561 2318 parte
585 2228 763 2300 circuivitf
783 2236 970 2300 exercitum
991 2235 1266 2312 christianorum,
1291 2236 1341 2299 ita
1364 2236 1456 2317 quod

284 2325 396 2388 eundo
427 2328 668 2408 expugnarunt
699 2344 778 2388 eum
801 2324 953 2407 undique
978 2325 1056 2388 dieg
1081 2327 1255 2406 noctuque
1279 2343 1339 2416 per
1360 2316 1452 2388 tresh

284 2412 528 2489 ebdomadas³;
569 2416 604 2477 et
637 2413 747 2476 nichil
781 2413 959 2477 habebant
993 2413 1038 2476 ad
1070 2413 1354 2490 comedendum¹,
1389 2412 1457 2475 nisi

283 2502 375 2582 quod
397 2493 639 2565 comedebanti
671 2521 784 2583 equos.
820 2501 946 2565 Postea
962 2501 1167 2566 dimiserunt
1190 2521 1269 2565 eum
1292 2501 1352 2564 ire.
1391 2501 1458 2564 Per

156 2610 392 2662 (natussunum
416 2589 506 2652 diem
530 2593 565 2653 et
588 2593 726 2654 noctem
748 2583 840 2653 nonk
858 2589 1082 2654 inveniebant
1101 2590 1262 2672 aquam4;
1288 2590 1348 2653 sed
1364 2609 1458 2673 cepe·

283 2681 366 2740 runt
382 2679 554 2759 quendam
570 2671 762 2742 Turchum¹
793 2681 829 2742 et
851 2679 976 2742 minati
999 2681 1082 2742 sunt
1097 2679 1129 2743 ei
1145 2681 1324 2762 amputare
1342 2680 1456 2762 caput,

283 2766 350 2830 nisi
373 2767 571 2831 ostenderet
595 2787 735 2848 aquam;
762 2768 820 2850 qui
843 2768 996 2832 ostendit
1020 2768 1068 2832 eis
1093 2787 1217 2848 aquam
1241 2766 1376 2830 salsam.

284 3311 306 3355 a)
320 3309 350 3347 stc
359 3309 380 3347 P
392 3311 431 3357 (ot.
445 3319 514 3357 supra
523 3320 548 3357 ρ.
557 3309 591 3358 88,
606 3310 620 3352 l.
630 3309 680 3358 20),·
694 3314 717 3348 et
730 3319 787 3352 sero.
801 3309 844 3352 dea.
853 3310 885 3360 B3
900 3310 1000 3349 sarcinas
1012 3309 1172 3350 alimentorum
1186 3311 1258 3358 Plps'n.
1312 3309 1336 3361 b)
1349 3307 1459 3352 commed·

284 3361 304 3402 h.
315 3363 328 3404 l.
338 3362 364 3403 Β.
419 3363 439 3409 c)
454 3361 573 3411 quamdam
585 3363 710 3402 clausuram
725 3363 750 3406 P.
804 3361 828 3410 d)
841 3363 934 3412 slch'c‚;
948 3363 1084 3403 meloerinus
1099 3363 1130 3414 1³3
1145 3364 1276 3403 meletrinus
1291 3364 1314 3405 P.
1370 3366 1391 3411 e)
1405 3363 1457 3412 imp.

284 3415 334 3456 obv.
349 3415 372 3456 P.
427 3415 446 3466 f)
459 3416 490 3454 sic
503 3416 527 3457 P.
542 3416 595 3464 Sim
614 3417 687 3456 creuit
700 3416 732 3466 133
747 3417 842 3456 vallavit
855 3417 927 3466 Pipm
981 3419 1004 3466 g)
1018 3428 1058 3456 nos
1074 3417 1132 3465 aad„
1147 3418 1184 3456 secl
1198 3420 1295 3466 θεραπεί,
1309 3417 1335 3458 Β.
1390 3417 1414 3464 h)
1427 3417 1458 3456 cic

284 3468 309 3508 B.
319 3469 340 3505 P
351 3473 370 3506 et
384 3468 456 3516 Papia.
474 3469 567 3518 (trium),
587 3479 641 3518 quae
658 3470 726 3517 latiur
744 3469 787 3517 tuit
806 3470 866 3510 lectio
884 3469 963 3508 codicis
979 3470 1153 3520 Codaqnalltanlj
1171 3471 1208 3508 sed
1226 3480 1278 3508 vera
1295 3470 1380 3508 videus·
1397 3470 1458 3509 lectio

285 3521 372 3558 Stcardt
386 3526 517 3570 quatuor,
537 3533 585 3560 cum
599 3522 644 3564 Iac.
659 3523 699 3572 Ap.
713 3522 791 3560 habeat
805 3533 846 3572 per
859 3533 966 3566 mensem.
1032 3523 1049 3571 i)
1065 3521 1172 3566 commed.
1186 3524 1206 3566 h.
1217 3524 1231 3565 l,
1241 3523 1267 3566 Β,
1334 3522 1358 3570 k)
1372 3523 1402 3561 es'c
1416 3523 1457 3565 Sic.

283 3574 323 3621 (ct.
338 3574 390 3611 Pet
403 3573 498 3623 R'pin.);
515 3576 572 3613 deest
585 3575 612 3617 B.
672 3576 688 3623 l)
702 3576 732 3614 sic
747 3577 858 3614 emendavi
871 3587 898 3616 ex
912 3577 953 3618 Sto.
966 3575 1057 3627 (Turelo
1072 3575 1169 3626 quodam
1183 3578 1258 3625 capto)
1272 3579 1291 3614 et
1305 3576 1327 3615 P
1337 3575 1417 3626 (capto
1431 3606 1437 3620 .
1451 3606 1456 3618 .

285 3624 381 3675 quodam
395 3627 494 3674 Turoho)
508 3631 527 3665 ct
541 3628 613 3676 Ps'ps'n.
627 3625 731 3678 (quodam
747 3639 775 3667 ex
789 3629 869 3668 Tuscis
885 3659 890 3673 .
905 3659 911 3672 .
925 3629 1036 3680 captivo„
1057 3628 1154 3679 quedem
1169 3630 1257 3669 turbam
1271 3630 1298 3672 Β.

285 3787 312 3853 1)
329 3787 371 3838 Ab
388 3789 505 3838 excercitu
522 3787 627 3853 scilicet,
653 3793 684 3838 ut
704 3803 737 3838 ex
756 3788 808 3839 loco
826 3789 961 3855 superiore
980 3795 1063 3856 patet,
1089 3805 1142 3842 non
1160 3804 1178 3842 a
1196 3790 1310 3855 nunciis,
1337 3790 1458 3855 quamvis

284 3858 315 3909 bi
331 3859 411 3909 etiam
429 3873 472 3910 res
489 3874 554 3910 suaa
571 3859 601 3909 in
619 3859 717 3910 caetris
733 3859 900 3925 reliquerint.
990 3859 1018 3926 2)
1034 3860 1108 3912 Miro
1125 3861 1201 3912 modo
1219 3859 1290 3926 haec,
1317 3875 1383 3926 quae
1401 3859 1456 3913 Iac.

284 3945 338 3981 non
362 3929 446 3996 tutat,
473 3931 629 3981 conueniunt
652 3946 710 3981 cum
732 3929 869 3995 Tapenone
886 3936 910 3982 et
928 3931 1074 3982 Ansbcrto:
1099 3929 1183 3984 Turci
1203 3929 1388 3983 existimantes
1406 3944 1456 3982 nos

284 3999 395 4051 omnino
420 3998 512 4052 inedia
537 3999 698 4055 extabuisse.
789 4000 816 4067 3)
839 4001 913 4053 Haec
935 4002 1080 4065 falsissinw
1098 4003 1187 4066 effecto
1205 4008 1268 4054 aunt
1285 4017 1318 4054 ec
1335 4003 1373 4053 eis
1390 4017 1457 4068 quae

283 4070 338 4122 Iac.
357 4077 424 4122 recte
442 4071 526 4137 habet,
552 4072 600 4122 uti
619 4073 649 4122 in
672 4073 824 4124 anicetum
843 4071 945 4124 labores
962 4073 1060 4124 menete
1077 4075 1159 4124 unius
1177 4073 1371 4139 describuntur,
1397 4088 1457 4122 eum

284 4142 331 4194 hoc
351 4141 404 4192 loco
422 4142 493 4205 falso
511 4143 619 4194 dicotur
637 4143 735 4194 iterum
752 4143 787 4194 ab
804 4142 852 4194 too
870 4143 912 4194 die
930 4143 1016 4209 (Mati
1034 4145 1082 4208 14)
1104 4159 1186 4210 usquc
1207 4144 1245 4194 cd
1262 4145 1354 4196 urbem
1371 4144 1458 4195 Iconii

283 4217 389 4279 captam
414 4212 500 4278 (Maii
518 4214 566 4277 18)
593 4220 647 4266 trec
671 4214 724 4280 (cel
746 4215 876 4280 quotum)
903 4213 1081 4266 hebdomadas
1107 4216 1137 4266 in
1164 4216 1236 4278 fante
1262 4221 1369 4267 encoma
1395 4229 1456 4270 esee.

283 4284 310 4349 4)
325 4284 430 4348 Taceno
442 4283 573 4349 (Maccus
584 4284 764 4352 Reichcrap.):
784 4286 872 4336 castra
885 4283 986 4351 absque
998 4283 1122 4354 gramine
1141 4287 1169 4337 et
1187 4300 1259 4352 aqua
1270 4284 1366 4338 metati
1384 4288 1456 4338 sunt.

284 4351 416 4421 Sequenti
434 4369 522 4420 mane,
541 4353 594 4406 hoc
613 4358 654 4408 est
671 4355 701 4406 in
718 4353 814 4408 Idibus
826 4353 903 4422 Maii,
923 4355 993 4409 sicut
1009 4355 1162 4423 premortui
1180 4355 1339 4410 itinerantes
1358 4371 1457 4422 aquam

283 4424 312 4475 in
329 4423 494 4492 palustribus
512 4423 578 4478 locis
596 4424 767 4480 invenerunt.
