3324 5146
274 525 311 578 20
382 521 508 576 GESTA
525 518 707 575 FEDMRIOI
724 519 747 576 I.
766 518 1033 575 IMPERATORIS
1051 519 1094 573 IN
1111 518 1351 576 LOMBARDIL

179 692 266 801 -ssdeb'
275 707 358 766 runt
382 722 523 785 corpora
546 722 609 765 sua
630 702 803 778 reficere³,
829 721 918 784 aqua
942 705 978 766 et
1000 703 1080 766 vino
1104 706 1140 766 et
1163 696 1254 766 *aliis
1276 703 1453 767 victualiis

188 774 212 810 μ’
261 784 345 857 'eisb
374 790 630 866 deficientibus
654 793 749 854 tota⁰
777 793 895 854 tamen
918 796 1021 855 nocte
1044 791 1276 874 vigilaverunt
1300 795 1336 855 et
1358 791 1452 855 labo·

274 883 439 944 raverunt
461 879 687 944 hedificantes
711 874 940 956 cementuml,
964 901 1102 943 murum
1125 883 1161 944 et
1184 879 1254 943 alia
1276 880 1452 963 obpugna-

148 992 265 1041 (uasere).
276 969 355 1032 cula
390 971 638 1032 construentes.
684 967 788 1031 Mane
823 971 940 1031 autem
973 968 1068 1032 facto
1097 968 1283 1052 Papienses
1318 969 1452 1032 bellum

275 1057 486 1121 induxerunt
510 1059 546 1119 et
567 1057 753 1120 maximam
775 1057 957 1139 pecuniam
981 1057 1013 1121 ei
1037 1058 1095 1139 qui
1118 1058 1248 1141 primus
1273 1057 1452 1121 civitatem

275 1147 513 1228 ingrederetur
547 1149 603 1208 se⁰
644 1146 784 1208 daturos
818 1145 957 1228 publice
992 1147 1232 1229 promiserunt.
1290 1145 1336 1208 Et
1371 1165 1450 1209 cum

274 1235 413 1298 fortiter
439 1237 660 1318 pugnassent,
690 1227 894 1297 resistentes
921 1235 969 1297 eis
993 1234 1060 1298 Dei
1088 1233 1352 1310 misericordia1,
1383 1254 1451 1317 que

274 1322 618 1387 Mediolanensibusli
653 1322 728 1404 ipsa
758 1325 794 1386 et
823 1323 1022 1404 precedenti
1055 1323 1110 1386 die
1141 1322 1256 1400 affuit,
1293 1323 1451 1406 optinere

274 1432 345 1475 non
360 1411 555 1475 valuerunt.
591 1409 645 1474 De
661 1403 999 1474 Mediolanensibush
1025 1414 1143 1475 tamen
1166 1411 1269 1474 multi
1292 1412 1329 1474 in
1345 1411 1450 1476 ecele-

275 1493 381 1564 siai-²
414 1499 594 1581 fugerunt,
636 1519 779 1580 quorum
814 1499 955 1562 nomina
994 1500 1038 1562 ad
1072 1501 1190 1563 eoru'm
1223 1500 1450 1582 ignominiam

275 1589 403 1672 scripta
431 1589 585 1651 fuerunt.
632 1587 677 1649 Et
707 1588 755 1651 sic
784 1607 862 1650 cum
885 1589 1013 1670 gaudio
1037 1591 1072 1652 et
1096 1609 1174 1652 cum
1196 1583 1363 1652 tristitiak
1388 1589 1449 1652 Pa-

274 1677 410 1760 pienses
433 1679 658 1740 recesserunt.

383 1763 470 1828 Oum
498 1785 579 1829 vero
609 1765 884 1829 Mediolanenses
920 1765 978 1847 qui
1011 1769 1111 1830 erant
1145 1766 1182 1829 in
1213 1767 1353 1830 civitate
1383 1767 1449 1829 hoc

169 1847 486 1930 rarissaudissentl,
516 1854 571 1917 die
600 1853 736 1917 sabbati
759 1854 803 1916 sd
826 1873 985 1937 vesperas
1009 1853 1166 1918 consules
1189 1854 1358 1918 militibus
1383 1858 1449 1919 et¹¹¹

274 1941 448 2026 peditibus
472 1944 570 2025 porte
586 1941 775 2005 Ticinensis
799 1945 834 2005 et
857 1946 956 2025 porte
968 1941 1185 2006 Vercellinell
1210 1947 1447 2027 preceperunt,

273 2034 315 2093 ut
345 2031 414 2093 cito
444 2029 611 2092 iratribus
641 2030 710 2092 suis
733 2030 923 2094 vulneratis
948 2034 983 2094 et
1006 2030 1152 2094 obsessis
1182 2031 1447 2106 auxiliarentur;

128 2119 334 2200 rescissoqui
358 2117 468 2182 altera
491 2118 566 2181 die⁰
593 2118 661 2182 iter
682 2119 866 2202 capientes,
891 2120 946 2183 die
962 2119 1061 2183 Lune
1085 2120 1175 2183 circa
1197 2140 1355 2204 vesperas
1378 2121 1450 2184 tue·

170 2211 357 2270 narrarunt
392 2207 485 2290 apud
516 2206 747 2284 Placentiam;
784 2208 840 2272 die
869 2208 992 2272 Martis
1027 2210 1263 2272 castrametati
1298 2212 1379 2272 sunt
1413 2210 1450 2272 in

188 2318 237 2360 run.
246 2321 265 2360 1,
274 2295 383 2380 pratis
414 2297 456 2360 de
488 2295 609 2373 Cruce3
647 2296 701 2359 die
731 2296 908 2373 Mercurii,
945 2298 1004 2379 qui
1035 2301 1108 2361 erat
1138 2297 1240 2360 Kale
1268 2297 1376 2373 Iunii,
1412 2299 1450 2359 in

274 2385 382 2468 pratis
412 2389 504 2466 que‘l
537 2388 619 2447 sunt
648 2385 764 2447 iuxtar
793 2385 980 2448 Sarzanum
1007 2389 1043 2449 et
1066 2385 1278 2448 Horascums
1308 2386 1450 2468 ospitati

274 2477 365 2549 sunt,
396 2469 475 2536 ubit
504 2493 568 2536 neo
599 2493 722 2554 aquam
752 2493 816 2537 neo
838 2474 958 2536 vinum
980 2473 1188 2550 habuerunt,
1220 2473 1287 2536 nisi
1311 2473 1446 2556 aliquiu

188 2581 391 2626 runssecum
413 2561 450 2623 in
472 2560 621 2624 vasculis
644 2564 905 2644 portaverantv.
952 2561 1019 2624 Die
1043 2562 1135 2625 Iovis
1166 2563 1211 2625 ad
1241 2563 1361 2625 horam
1384 2565 1450 2626 ter-

272 2650 358 2712 tiam
388 2650 605 2712 intraverunt
634 2651 870 2713 destructamw
895 2650 1071 2714 civitatem
1095 2653 1129 2714 et
1152 2651 1360 2714 invenerunt
1382 2651 1448 2714 fra·

272 2743 343 2802 tres
367 2759 445 2801 suos
468 2737 647 2802 inbecilles
671 2743 706 2802 et
729 2737 921 2821 languidos,
948 2739 1031 2802 alios
1057 2759 1098 2803 ex
1120 2739 1272 2816 vulnere,
1298 2739 1382 2803 alios
1407 2760 1449 2803 ex

274 2827 343 2891 alia
367 2827 516 2911 corporis
539 2827 749 2905 infirmitate,
775 2828 938 2910 quoniam
953 2827 1132 2892 vestibusx
1160 2829 1324 2912 expoliati
1347 2849 1368 2890 a
1390 2828 1448 2890 iri-

126 2939 222 2988 naias,
231 2940 264 2981 10.
273 2936 355 3000 gore
386 2917 479 3000 capti
507 2915 764 2980 febricitabant.
811 2916 857 2980 Mt
887 2917 940 2980 illi
967 2917 1124 2980 videntes
1148 2937 1205 2980 eos
1229 2917 1338 2999 gavisi
1366 2920 1449 2980 sunt

273 3005 401 3088 gaudio
424 3024 550 3086 magno
573 3005 684 3068 valde.

380 3093 480 3155 Infra
495 3113 622 3175 paucos
639 3093 711 3156 dies
727 3093 913 3176 Papienses
928 3095 1033 3157 tertio
1050 3094 1291 3176 collegeruntr
1314 3097 1446 3176 gentes,

274 3201 358 3264 quas
381 3180 509 3244 habere
532 3183 730 3263 potuerunt,
756 3185 791 3244 et
813 3182 966 3244 tentoria
989 3203 1051 3245 sua
1073 3183 1111 3244 in
1125 3183 1210 3245 villa
1233 3202 1298 3264 que
1321 3182 1449 3245 dicitur

275 3269 357 3334 Oria
379 3272 577 3353 posuerunt,
609 3271 644 3333 et
668 3269 791 3332 armati
815 3273 980 3353 ceperunt
1003 3276 1148 3333 messesz
1177 3271 1449 3334 Terdonensium

274 3357 486 3442 depopulari.
533 3357 706 3421 Militibus
734 3360 850 3422 autem
874 3362 909 3422 et
932 3358 1107 3442 peditibus
1135 3362 1234 3442 porte
1257 3358 1448 3422 Ticinensis

274 3451 309 3511 et
332 3451 451 3530 portea
477 3446 671 3510 Vercelline
695 3447 740 3509 ad
763 3446 962 3510 conflictum
985 3441 1212 3512 descendereb
1239 3446 1447 3524 volentibus,

274 3536 379 3600 ceteri
403 3535 548 3598 aliarum
572 3536 737 3598 duarum⁰
758 3539 935 3618 portarum
959 3537 1177 3600 disuaserunt
1202 3537 1250 3600 eis
1275 3537 1446 3600 dicentes:

272 3746 294 3792 a)
309 3743 411 3784 restitere
425 3744 450 3785 B.
505 3743 528 3791 b)
542 3743 585 3782 sibi
599 3742 735 3782 uictnslibus
749 3743 775 3783 B.
824 3745 844 3791 o)
858 3746 882 3782 et
896 3745 946 3786 cdd.
960 3745 986 3786 Α.
1041 3741 1064 3791 d)
1079 3745 1227 3784 crementium
1241 3744 1267 3786 Β.
1316 3746 1336 3791 e)
1351 3744 1407 3782 deest
1421 3743 1448 3784 Β.

272 3799 291 3847 s)
305 3799 435 3838 resistentes
451 3796 477 3839 Α.
541 3799 563 3844 g)
578 3794 757 3835 Mediolanenses
772 3796 822 3845 ipsa
836 3803 859 3835 et
873 3795 1018 3845 precedentis
1033 3795 1136 3837 defendit
1149 3798 1175 3840 Β.
1239 3797 1263 3848 h)
1277 3797 1406 3836 melioribus
1421 3797 1447 3838 A.

273 3852 289 3902 i)
304 3853 334 3889 sie
348 3852 373 3893 Α.
384 3852 417 3899 B‚·
437 3851 462 3888 in
476 3850 530 3891 eccl.
545 3850 610 3888 multi
624 3850 650 3892 Β,
722 3849 745 3897 k)
764 3850 938 3892 etletitisBi
1006 3850 1023 3902 l)
1041 3849 1183 3891 audivissent
1197 3851 1224 3893 A.
1291 3853 1321 3898 m)
1340 3855 1363 3890 et
1376 3848 1448 3899 pedit.
1632 3855 1640 3904 4

274 3917 315 3945 om.
324 3905 344 3942 A
359 3906 395 3951 (ea
404 3905 428 3942 in
438 3904 554 3952 arthemio
564 3904 632 3950 fuisse
646 3907 738 3950 apparet
752 3904 822 3952 infra,
837 3904 874 3941 ubi
888 3903 934 3945 Mil.
944 3934 962 3945 ..
977 3908 1000 3943 et
1014 3903 1128 3954 peditibus
1143 3909 1208 3954 porte
1222 3904 1315 3953 Tioin.)3
1331 3915 1353 3953 p.
1362 3905 1409 3944 Tic.
1425 3907 1449 3942 et

273 3969 295 4006 p.
309 3958 374 3999 Vere.
389 3957 434 3998 mil.
448 3962 472 3996 et
485 3955 537 4006 ped.
552 3957 578 3998 B.
641 3957 665 4002 n)
680 3955 794 3995 uereeline
809 3957 829 3993 B
838 3957 971 4006 pierumque.
1033 3960 1055 4006 o)
1069 3959 1108 4008 qui
1123 3950 1220 3999 altaria
1234 3969 1282 4006 cap.
1296 3957 1323 3997 A.
1385 3955 1409 4005 p)
1423 3956 1448 3994 in

273 4010 317 4050 irai.
332 4011 357 4050 Β,
405 4010 428 4060 q)
443 4011 482 4059 qui
495 4011 521 4050 A.
569 4011 589 4057 r)
603 4009 663 4048 inter
677 4020 794 4048 serranum
808 4009 834 4050 Β.
882 4011 901 4057 s)
916 4021 994 4050 crasco
1007 4011 1039 4061 B;
1054 4013 1082 4059 ef.
1097 4023 1166 4060 supra
1176 4024 1200 4060 p.
1211 4013 1242 4052 17.
1284 4011 1301 4056 t)
1316 4001 1331 4047 t
1344 4007 1406 4058 (nisi)
1421 4009 1447 4049 Β.

273 4065 297 4110 u)
311 4063 350 4100 illa
363 4063 389 4103 Β,
450 4063 676 4112 v)p0rtauerunt13.
731 4065 760 4110 w)
775 4060 927 4102 adstructam
941 4065 973 4114 Ας
988 4063 1116 4104 Terdonsm
1131 4066 1181 4106 add.
1195 4064 1221 4104 Β.
1282 4064 1306 4110 x)
1321 4073 1334 4100 s
1348 4065 1405 4102 vest
1421 4062 1448 4102 A.

273 4118 297 4166 y)
311 4121 505 4163 congregsuerunt
518 4116 544 4158 Β.
586 4117 605 4164 z)
620 4126 691 4154 meses
706 4115 732 4157 B.
780 4117 801 4163 a)
815 4116 872 4154 deest
887 4118 912 4158 A.
953 4117 977 4168 b)
991 4116 1180 4157 descendentibus
1195 4127 1252 4158 corr.
1267 4112 1405 4154 descendere
1420 4115 1447 4156 A.

274 4172 294 4218 c)
308 4170 364 4206 deest
377 4169 403 4210 A.

274 4346 301 4412 1)
324 4345 427 4410 Magna
449 4346 543 4412 plavia
569 4351 644 4396 terra
668 4347 734 4398 adeo
758 4348 908 4411 madefacta
931 4353 976 4413 cst,
1004 4344 1078 4413 quod
1095 4342 1243 4412 Pupienses
1266 4345 1338 4398 ultra
1363 4360 1447 4412 supra

273 4416 404 4468 fossatum
432 4415 547 4468 civitatis
574 4415 700 4468 inherere
728 4433 782 4468 non
809 4418 964 4484 valuerunt,
997 4423 1058 4470 teste
1084 4416 1173 4468 Otiorw
1198 4417 1310 4469 Morosa
1334 4435 1363 4484 p.
1382 4418 1444 4472 596.

273 4487 301 4554 2)
317 4487 346 4539 in
365 4486 507 4538 ecclesiam
525 4486 657 4539 maiorem
678 4488 736 4540 otto
754 4489 824 4541 Mor,
840 4507 869 4556 p.
889 4491 949 4544 595.
