3324 5146
283 466 319 522 26
391 461 515 517 GESTA
532 460 712 516 PEDERICI
730 460 753 517 Ι.
773 460 1038 518 IMPERATORIS
1057 461 1099 516 IN
1116 461 1355 518 LOMBARDIA.

195 659 273 714 1157.
283 646 353 710 suis
390 645 680 710 circundederunt
714 645 827 708 locum
863 645 905 708 de
933 644 1108 726 Vigivani‚
1143 646 1194 708 ita
1228 647 1319 728 quod
1353 667 1457 710 nemo

283 737 419 818 poterat
442 734 597 815 ingredia
624 733 680 798 vel
703 733 804 797 exire.
851 733 896 795 Et
927 754 1005 796 cum
1033 754 1095 816 per
1125 734 1373 817 aliqu0t1dies
1398 755 1457 799 eos

283 822 497 886 obsedissent
531 825 566 885 et
596 822 689 886 intus
725 820 857 884 clausos
891 823 1098 899 tenuissent,
1135 823 1371 887 defitientibus
1407 825 1457 888 eis

162 933 274 982 (aare).
283 910 491 974 victualibus
520 911 747 974 reddiderunt
777 909 958 973 castellum
983 915 1018 974 et
1041 912 1241 974 iuraverunt
1270 916 1361 976 stare
1384 932 1456 995 pre-

284 1003 384 1082 cepto
411 999 567 1081 magistri
592 991 808 1063 (iruintelmib
836 1002 871 1062 et
895 999 1066 1063 dederunt
1096 1001 1281 1064 ducentos⁰
1310 1000 1454 1074 obsides,

283 1108 367 1169 quos
396 1087 522 1170 eligere
549 1087 743 1164 voluerunt,
775 1091 872 1150 extra
902 1089 1043 1151 comites
1074 1091 1109 1150 et
1138 1089 1363 1152 marchiones.
1410 1088 1457 1152 Mt

281 1180 367 1239 tuno
401 1176 594 1258 potuissent
627 1175 904 1240 Mediolanenses
939 1171 1167 1240 destruxisse(l
1203 1177 1359 1260 Papiam,
1396 1179 1456 1241 sed

283 1283 400 1328 eorum
424 1265 555 1327 miserti
579 1267 671 1327 sunt.

390 1352 575 1416 Destrueto
610 1353 728 1434 itaque
763 1351 905 1416 castello
934 1353 1079 1434 regressi
1109 1357 1191 1416 sunt
1220 1353 1457 1417 Mediolanum

283 1441 430 1504 maximo
464 1441 656 1522 triumpho,
692 1443 926 1504 restaurantes
962 1442 1125 1524 dampna,
1161 1461 1227 1523 que
1262 1441 1456 1506 Brixienses

283 1529 529 1592 sustinuerant.
576 1529 701 1592 Postea
724 1549 803 1592 vero
833 1549 911 1592 cum
934 1529 1117 1612 Papienses
1147 1531 1378 1613 periurassent
1408 1534 1456 1594 at

283 1637 349 1699 que
379 1620 542 1700 precepta
571 1618 728 1700 magistri
753 1610 969 1681 Guintelmib
998 1617 1186 1701 adimplere
1208 1623 1424 1682 recusassent
1434 1620 1455 1696 2,

218 1728 274 1774 ru.
283 1725 399 1768 mense
415 1707 594 1787 Augusto⁰
615 1707 768 1789 proximo
784 1707 934 1789 quinque
959 1710 1056 1790 porte
1072 1707 1199 1770 iterum
1215 1708 1457 1790 equitaverunt

560 1897 772 1962 Codupuelli
793 1896 958 1948 Libellus
982 1898 1177 1950 tristitiae.

283 1981 536 2065 excluseruntf;
568 2000 649 2052 nulli
671 2000 736 2052 alii
762 2001 796 2053 de
814 2001 972 2053 militibus
991 1998 1141 2052 Mediolani
1159 1999 1383 2054 interfuerunt.
1420 2001 1458 2054 Et

283 2089 322 2124 ea
347 2072 390 2124 die
416 2070 715 2123 Mediolanenses
741 2087 861 2123 omnes
888 2071 981 2124 castris
1007 2071 1060 2122 suis
1086 2072 1236 2140 burgum
1261 2071 1294 2124 de
1312 2071 1456 2140 Vegivano

283 2141 529 2209 circumdederunt,
549 2142 587 2194 ita
606 2142 680 2208 quod
698 2159 778 2194 nemo
797 2145 906 2210 poterat
925 2141 1050 2212 egredi&
1070 2142 1114 2194 vel
1132 2139 1237 2198 exireh.
1270 2142 1307 2194 Et
1326 2161 1388 2196 cum
1406 2161 1457 2212 per

283 2212 387 2280 aliquot
405 2213 461 2264 dies
481 2229 526 2264 eos
546 2212 714 2265 obsedissent
733 2216 760 2265 et
778 2213 850 2264 intus
869 2213 963 2266 illud
982 2218 1140 2266 castrum
1160 2230 1219 2266 eos
1238 2213 1342 2266 clausos
1355 2215 1455 2268 tenuis-

283 2287 350 2350 sent,
370 2282 569 2336 deffioientibus
589 2283 625 2336 eis
638 2283 800 2337 victualibus
819 2284 997 2336 reddiderunt
1012 2285 1152 2337 castellum
1171 2285 1206 2336 in
1225 2285 1365 2338 virtute
1384 2285 1456 2338 Me-

282 2354 561 2407 diolanensium.
599 2353 666 2422 Qui
690 2353 866 2407 iuraverunti
892 2359 963 2408 stare
986 2360 1115 2422 precepto
1137 2355 1261 2423 magistri
1279 2356 1411 2409 Guilelmi
1430 2360 1457 2409 et

282 2442 391 2493 super
415 2425 482 2478 hcc
508 2425 642 2478 dederuut
662 2425 793 2478 ducentos
812 2425 926 2493 obsides,
953 2443 1020 2493 qnos
1038 2425 1337 2479 Mediolanenses
1357 2427 1457 2497 eligere

281 2513 435 2580 voluerunt,
460 2516 586 2580 preter
611 2513 724 2566 comites
748 2518 775 2566 et
796 2513 981 2579 marchionem
1013 2506 1048 2565 ei
1078 2503 1276 2566 habuerunt
1305 2507 1390 2566 tunc
1419 2505 1457 2566 in

282 2609 400 2653 eorum
422 2591 552 2653 virtute
583 2593 617 2652 et
645 2593 817 2672 potestate
847 2590 920 2654 iere
951 2611 1068 2654 omnes
1098 2591 1226 2655 milites
1257 2595 1293 2656 et
1322 2593 1455 2676 pedites

282 2677 387 2761 Papi&
398 2677 419 2738 3.
461 2689 498 2742 Et
517 2706 556 2742 eo
575 2693 738 2757 tempore
757 2689 974 2743 Mediolanenses
991 2691 1144 2758 potuissent
1155 2691 1270 2759 Papiam
1284 2692 1455 2760 destruxisse,

283 2778 331 2831 sed
347 2767 508 2830 conscilio
525 2767 750 2848 quorumdam
766 2767 917 2830 virorum
936 2769 1132 2851 sapientum
1151 2781 1191 2834 de
1210 2781 1261 2834 eis
1280 2781 1455 2834 misericor-

283 2849 376 2902 diam
394 2849 610 2905 habuerunt.

243 2929 273 2977 (9)
389 2920 534 2974 Destructo
553 2921 646 2988 itaque
665 2921 775 2973 castello
795 2938 871 2974 cum
889 2938 1010 2990 magno
1030 2921 1169 2989 triumpho
1188 2923 1316 2974 reversi
1334 2926 1398 2975 sunt
1416 2923 1457 2975 ad

282 2992 449 3059 propria,
472 2995 655 3044 restaurantes
673 2990 886 3044 Brixiensibus
906 2993 1024 3045 omnia
1043 2992 1170 3061 dampna,
1189 3009 1241 3060 que
1260 2994 1357 3061 passi
1376 2993 1456 3046 fue-

282 3067 373 3118 runt.
404 3062 504 3115 Postea
520 3062 745 3130 veroPapienses
765 3063 925 3116 deierati
944 3067 1042 3130 sunt,
1061 3069 1243 3118 recusantes
1263 3064 1457 3118 attendere

283 3154 318 3204 et
336 3150 484 3218 adimplere
500 3153 630 3218 precepta
641 3150 765 3219 magistri
778 3148 916 3206 Guilelmi.
953 3149 1027 3220 Quo
1046 3153 1059 3204 f
1065 3157 1159 3220 acte,
1179 3162 1257 3204 eum
1272 3142 1456 3225 Papienses

282 3227 475 3290 noluissent
505 3227 683 3290 attendere
714 3231 750 3290 et
780 3228 960 3292 observare
995 3233 1158 3310 precepta
1189 3230 1345 3310 magistri
1376 3227 1456 3292 Gni-

217 3315 395 3392 Aurtelmi,
425 3326 494 3380 dek
521 3345 614 3381 mense
639 3326 759 3398 Augusti
783 3327 926 3396 proxnnol
953 3328 1072 3396 quinque
1096 3332 1176 3396 porte
1201 3327 1455 3380 Mediolanen-

283 3540 305 3592 a)
319 3542 349 3579 sic
363 3541 392 3588 P;
412 3539 489 3588 egredi
502 3541 569 3588 Α.Β,·
591 3541 619 3587 ct.
633 3551 702 3589 supra
712 3553 736 3590 p.
746 3543 766 3590 9,
781 3553 802 3583 u.
812 3542 830 3582 2.
845 3545 864 3578 et
874 3552 899 3588 p.
909 3541 946 3578 22:
967 3541 1052 3578 intrare
1066 3541 1103 3578 vel
1119 3539 1187 3580 exire.
1242 3540 1265 3586 b)
1281 3539 1414 3579 Guintellim
1430 3541 1455 3583 Α,

283 3595 304 3642 c)
318 3595 364 3635 obs.
381 3592 430 3635 duc.
445 3605 502 3635 corr.
517 3593 566 3635 duo.
581 3594 626 3635 obs.
642 3595 668 3636 A.
727 3593 750 3645 d)
765 3593 888 3633 destruisse
902 3594 928 3634 A.
983 3595 1004 3640 c)
1019 3593 1051 3634 Χ(
1060 3593 1110 3632 uic.
1124 3593 1150 3633 A.
1207 3593 1270 3638 Osis
1285 3593 1378 3641 Caduca.
1392 3603 1455 3641 saepe

282 3647 376 3696 scripsit,
395 3651 419 3684 ut
434 3647 470 3688 ‘M
484 3645 572 3686 Archiv*
588 3647 651 3692 XVI,
666 3660 690 3696 p.
705 3649 755 3686 334:
776 3647 799 3686 in
815 3658 917 3696 quo...
933 3656 956 3684 se
971 3645 1122 3686 excluserunt.
1190 3643 1213 3694 g)
1227 3645 1258 3682 sic
1272 3646 1292 3683 B
1307 3657 1354 3684 crim
1368 3647 1400 3694 Α,·
1421 3647 1455 3683 in-

282 3699 347 3750 gredi
361 3701 390 3748 P,·
412 3702 440 3748 cf.
453 3711 523 3748 supra
532 3701 587 3749 pli,
601 3701 651 3742 aa.
706 3701 729 3748 h)
744 3702 775 3738 sic
788 3701 867 3737 Pcum
881 3699 913 3745 A,·
934 3699 1019 3736 intrare
1034 3699 1059 3738 B.
1115 3698 1130 3744 i)
1144 3698 1175 3735 sie
1188 3698 1255 3747 P.A;
1271 3699 1414 3738 intrauerunt
1428 3700 1453 3740 B.

282 3755 306 3803 k)
320 3755 376 3792 deest
390 3754 411 3792 P
421 3765 468 3792 eum
482 3755 508 3796 A.
562 3754 578 3802 l)
592 3755 623 3792 sic
636 3754 657 3791 P
668 3758 687 3792 et
700 3755 733 3800 A,·
747 3753 802 3790 acesi
817 3754 843 3801 B,
858 3753 894 3789 ubi
908 3751 1003 3798 augusti.
1019 3750 1129 3799 Quiuque.

282 3931 308 3998 l)
330 3931 388 3983 Otto
406 3932 527 3997 Merena,
548 3930 596 3982 SS.
616 3929 725 3993 XVIII,
744 3945 771 3994 p.
786 3929 853 3982 598:
877 3927 1000 3992 perires
1020 3925 1084 3981 dies.
1173 3930 1200 3996 2)
1216 3931 1280 3982 Vicle
1298 3946 1364 3996 quae
1382 3931 1453 3983 Aac.

281 4002 354 4054 Plac.
374 4002 442 4066 cii„
463 4003 511 4055 SS.
530 4000 640 4066 XVIII,
657 4017 686 4066 p.
699 4000 752 4052 457
765 4015 812 4064 sq„
837 4004 860 4049 et
880 3997 934 4048 cal
951 4038 956 4051 .
975 3998 1110 4064 Flamma,
1133 4001 1229 4052 Chr-ou.
1250 4003 1346 4066 maius,
1369 4001 1453 4054 ‘Mise

281 4073 312 4122 eli
328 4073 414 4122 storia
433 4073 507 4126 Ital!
530 4071 591 4135 VII,
614 4088 643 4138 p.
663 4071 715 4123 665
734 4085 781 4134 sq„
807 4069 838 4119 de
860 4070 1009 4136 praeceptis
1035 4070 1183 4121 Guiuielmi
1206 4071 1325 4134 fabulose
1349 4072 1454 4138 quidem

280 4148 407 4195 uarraru.
444 4143 498 4193 His
516 4149 603 4192 laruae
621 4157 682 4192 vera
701 4141 831 4205 quaedum
849 4141 932 4191 iuesse
950 4141 1129 4192 eoreicieuelum
1147 4148 1185 4193 est
1205 4158 1238 4194 ex
1255 4143 1293 4193 eis
1311 4159 1377 4208 quae
1396 4143 1455 4195 Otto

281 4213 393 4264 Moreuu
419 4213 435 4264 l.
457 4213 474 4266 l.
498 4231 527 4278 p.
541 4213 601 4265 598.
627 4218 651 4262 et
666 4212 826 4276 praesertim
846 4211 960 4262 Carmen
979 4213 1010 4263 de
1027 4214 1107 4276 pestis
1124 4212 1202 4265 Fricl.
1221 4230 1244 4266 c.
1259 4215 1328 4267 1730
1341 4229 1395 4280 sqq.
1413 4215 1453 4268 ed.

281 4285 390 4336 Mcreuei
413 4284 512 4336 dicuat.
603 4281 630 4348 3)
654 4283 747 4332 Etiam
765 4282 826 4336 Not.
846 4283 874 4336 S.
892 4283 1009 4348 Georgii,
1035 4283 1107 4336 Auu.
1126 4283 1233 4337 Medici.
1261 4284 1353 4350 Maces,
1380 4287 1452 4336 Areu.

281 4356 322 4422 (S.
341 4355 495 4419 Eustorpii)
514 4353 622 4407 Medici.
640 4355 705 4407 mia.
724 4354 829 4418 (iufra)
848 4352 906 4406 fere
925 4369 1019 4406 omnes
1037 4351 1184 4419 Papienses
1209 4353 1244 4405 in
1262 4352 1453 4424 Vegivano

280 4432 370 4493 captos
392 4441 445 4477 esse
468 4425 589 4490 traduat,
613 4439 726 4490 quaerum
745 4432 845 4476 acutum
864 4426 903 4476 ibi
920 4431 1008 4492 captos
1026 4440 1078 4476 esse
1097 4424 1213 4490 Codapu.
1232 4441 1318 4493 surpra
1336 4429 1452 4495 scripsit.
