3324 5146
468 1273 501 1338 A
519 1287 594 1354 (Sim
612 1287 707 1352 Rani).

352 1379 519 1464 Tempore
535 1401 602 1462 quo
617 1379 684 1444 Dei
698 1380 868 1464 templum

222 1483 298 1536 1187.
308 1468 488 1534 fedaverat
512 1468 705 1546 saladinus,
726 1468 868 1533 Yeroso-

309 1557 595 1640 limitanamque³
629 1577 710 1622 vero
739 1558 867 1622 invase·

308 1649 388 1709 rant
407 1646 582 1710 civitatem
598 1645 701 1710 Turei
724 1650 760 1712 et
784 1647 868 1710 chri·

309 1735 457 1798 stianam
473 1735 625 1799 exercitu
649 1755 727 1799 oum
742 1755 868 1818 magno

310 1823 516 1907 dissipavere
556 1822 706 1907 plebem,
754 1823 868 1907 displi-

310 1913 418 1976 cuisse
435 1912 509 1976 Deo
531 1913 669 1976 videtur
691 1914 868 1976 tirannum

309 2001 420 2064 scelus
435 2001 507 2065 tale
523 1995 655 2078 fouisse,
672 2004 713 2063 ut
729 2002 868 2083 quidem

309 2089 488 2154 ecelesiam
513 2089 730 2154 conculcaret
754 2091 868 2153 catho-

309 2177 422 2240 licam.
468 2177 514 2240 Et
543 2197 619 2242 eam
648 2179 707 2260 qui
731 2177 867 2242 uoluere

310 2265 449 2329 auribus
481 2267 636 2330 insonuit
668 2267 867 2331 christiano·

308 2376 386 2417 rum
423 2355 563 2419 vocibus
609 2355 690 2420 orbe
733 2355 868 2419 diffusis

222 2502 240 2539 ρ
254 2491 300 2532 sm.
308 2447 493 2519 terrarum,
541 2444 664 2526 quibus
709 2445 746 2506 in
783 2444 868 2509 loeis

222 2522 532 2609 1i89.ehristianuS,
578 2526 789 2615 quibusqueb
832 2533 869 2596 in

206 2615 393 2684 iiiii-loeis
432 2620 543 2684 fidelis
583 2621 746 2704 degisset,
790 2643 868 2705 quo·

309 2709 422 2772 niam⁰
444 2709 633 2773 Turoorum
650 2729 734 2792 gens
750 2711 870 2792 iniqua.

309 2793 450 2862 fidelesi
476 2797 639 2862 Surianas
662 2798 728 2862 sibi
751 2819 868 2864 omnes

309 2891 534 2970 usurpaverat
579 2891 705 2972 partes.
774 2888 863 2952 Per⁶

222 2987 299 3042 1188.
309 2975 401 3038 idem
450 2979 587 3059 tempus
636 2975 869 3040 Romanorum

309 3063 484 3146 preclarus
516 3065 655 3128 nomine
685 3065 868 3129 Pederious

213 3171 302 3221 aare.
309 3153 496 3235 imperator
509 3173 548 3215 aa
559 3172 691 3236 semper
702 3157 869 3236 augustus

310 3235 865 3323 inpartibusHierosolimetransf

309 3349 403 3394 mare
434 3330 587 3394 decrevit
616 3329 764 3413 dirigere
792 3331 868 3394 iter.

309 3418 586 3500 Assumeusqueg
604 3438 740 3483 oruoem
755 3412 865 3482 nutuh

309 3506 449 3570 favente
489 3507 605 3570 divino
643 3507 868 3572 Theutonioo-

309 3615 384 3656 rum
405 3595 478 3658 acie
497 3615 575 3658 oum
593 3615 719 3678 magna
735 3597 868 3660 milium

310 3681 372 3746 XO
400 3686 610 3746 armatorum
639 3685 869 3768 pugnantium

310 3859 331 3903 a)
345 3855 566 3906 yerosolimiramque
580 3857 606 3898 A.
686 3857 709 3905 b)
724 3857 819 3906 quisque
833 3859 859 3900 A.

309 3910 414 3958 scriptum
427 3910 495 3958 fnisse
509 3911 600 3952 mamm.

310 3963 420 4010 romnmpi
429 3964 516 4012 potuit).
569 3963 674 4014 Otos-ras
687 3965 715 4006 A.

668 3907 691 3958 d)
704 3921 759 3960 gem
773 3911 798 3950 in
812 3921 857 3959 qus
870 3909 943 3951 fidelis
959 3911 1067 3952 Sarranus
1082 3915 1108 3954 A.

991 2266 1026 2332 B
1046 2281 1192 2347 (Iohannes
1210 2283 1407 2349 armanellus).

940 2367 1066 2422 GESTA
1093 2368 1274 2495 FiifflffigI
1300 2369 1464 2426 IMPERA-

969 2527 1039 2616 [111i
1068 2533 1159 2598 festo
1183 2536 1294 2599 saneti
1311 2534 1452 2618 Georgii
1460 2531 1481 2617 1]

922 2623 1051 2686 levavit
1082 2623 1268 2707 imperator
1298 2625 1484 2689 Foderieus

922 2712 1484 2866 {transsumimus

923 2888 966 2952 ab
1024 2889 1177 2953 eiusdem
1235 2891 1484 2955 incarnationis

923 2998 1023 3041 anno.
1081 2977 1197 3042 Exivit
1237 2982 1355 3042 autem
1390 2999 1485 3044 cesar

923 3066 966 3130 de
982 3066 1166 3130 Alamauia
1189 3071 1225 3130 et
1247 3067 1343 3131 venit
1363 3068 1400 3131 in
1415 3068 1484 3132 Un-

922 3155 1028 3237 garia.
1068 3155 1123 3218 Ibi
1147 3149 1285 3219 ferturk
1312 3176 1391 3220 eum
1410 3151 1484 3219 *ha-

922 3243 1036 3308 buisse
1082 3243 1144 3308 XO
1190 3245 1288 3308 milia
1333 3245 1485 3309 militum

922 3335 1155 3415 pugnatorum
1167 3336 1387 3397 armatorum.
1411 3334 1485 3398 Rex

923 3440 1003 3484 vero
1039 3419 1189 3504 Ungarie
1226 3422 1413 3487 honorifice
1449 3427 1484 3486 et

923 3509 1064 3592 pacifice
1093 3511 1223 3593 recepit
1253 3530 1346 3588 eum,
1382 3515 1417 3574 et
1447 3512 1484 3574 in

923 3617 1007 3680 paee
1022 3598 1184 3662 transivit
1206 3619 1267 3682 per
1288 3603 1400 3664 totam
1416 3599 1484 3663 Uu-

923 3705 1064 3768 garram.

940 3860 961 3906 a)
975 3857 1024 3906 Quo
1038 3861 1066 3908 Α,
1085 3859 1109 3898 in
1123 3859 1237 3909 archetypo
1256 3859 1302 3908 quo
1320 3863 1355 3909 (=
1369 3860 1484 3908 quonism)

1176 3915 1197 3962 e)
1211 3913 1242 3952 ut
1255 3914 1276 3952 A
1293 3914 1321 3961 (P
1335 3915 1402 3962 facile
1416 3915 1439 3951 in
1453 3913 1484 3952 Et

768 3967 790 4013 g)
805 3964 960 4014 Arserensque
973 3966 1005 4016 A;
1027 3977 1083 4008 corr.
1098 3966 1180 4008 Murri.
1234 3967 1258 4015 h)
1271 3967 1353 4009 Theut.
1367 3971 1424 4006 nutu
1438 3967 1482 4009 sav.

310 4013 356 4056 div.
370 4016 419 4054 acie
433 4017 460 4058 A.
514 4017 848 4064 1)ιικάείηιῑκεαάοε.Β(ιιὺί
862 4018 932 4058 Gesta
943 4016 1048 4058 Federioi
1062 4019 1211 4068 imperatoris.
1225 4019 1312 4060 levavit
1325 4021 1389 4070 nipro
1403 4024 1483 4062 airam.

310 4071 369 4116 san),
386 4079 412 4106 ea
426 4069 447 4107 P
457 4069 560 4118 suppleri.
615 4069 638 4118 k)
651 4070 682 4109 sic
695 4071 726 4118 Ρ,·
744 4072 848 4111 fecerunt
861 4072 891 4122 B3
911 4069 995 4111 dicitur
1009 4073 1094 4116 Sicani.

312 4210 337 4276 1)
354 4209 412 4260 Hoc
430 4211 473 4260 die
490 4212 638 4277 imperator
655 4227 709 4264 non
726 4228 827 4264 armam
845 4215 998 4281 assumpsit,
1023 4215 1068 4266 sai
1090 4221 1121 4266 nt
1138 4216 1269 4268 enereitns
1285 4217 1484 4282 ormrsiynntns

310 4281 347 4331 ad
365 4281 555 4347 expeditionem
573 4285 728 4349 conveniret,
747 4285 859 4345 sturmi,-
876 4301 951 4352 qnam
968 4286 1135 4338 annalistam
1146 4286 1331 4338 Pmmntinnm
1348 4303 1382 4338 en
1399 4287 1484 4338 codice

310 4367 358 4403 sno
378 4352 535 4418 Codayneiii
551 4355 694 4420 sumpsisse
711 4354 782 4404 mihi
795 4371 955 4420 persuasam
972 4356 1061 4422 haben,
1084 4372 1143 4408 mm
1161 4358 1190 4408 in
1209 4357 1234 4408 B
1252 4357 1382 4424 quaedam
1399 4358 1484 4409 deesse

310 4429 450 4489 appareat,
472 4425 569 4474 omissa
587 4423 721 4490 formosis,
741 4427 811 4491 qnod
828 4427 858 4478 in
875 4428 1024 4494 exemplari
1041 4444 1059 4478 n
1071 4427 1097 4478 B
1108 4429 1239 4496 dareripio
1257 4429 1319 4481 haee
1337 4429 1421 4480 minio
1438 4445 1484 4480 en·

310 4499 392 4544 arata
409 4499 500 4548 meent.
