3324 5146
309 527 344 578 46
417 515 1126 576 ensrnnnnnffl011.1MPnRAr0R181N
1144 515 1385 575 nollBARuIA.

222 721 300 774 1160.
311 727 390 770 eum
405 705 548 767 insidias
564 703 717 787 posuisse
741 705 777 766 et
799 701 919 784 fugam
936 700 1123 777 simulasse,
1149 704 1185 765 et
1208 703 1391 784 propterea
1412 721 1485 764 non

309 798 382 858 tam
406 793 475 856 cito
499 793 670 876 persecuti
693 794 775 854 sunt
794 810 861 855 eos.
909 789 977 854 Sed
1000 793 1120 874 postea
1143 789 1312 872 paulatim
1335 789 1485 853 insecuti

310 885 392 946 sunt
422 901 479 946 eos
510 884 545 944 et
574 880 703 944 multos
734 882 900 963 oeperunt
931 882 966 942 et
995 878 1107 941 multa
1137 878 1246 961 spolia
1274 877 1482 954 habuerunt,

204 995 300 1043 niano.
310 970 468 1054 sequenti
491 989 625 1053 quoque
647 969 702 1033 die
722 969 850 1032 milites
868 967 1034 1032 Cremone
1052 968 1239 1030 ducentos²
1259 970 1294 1030 et
1312 965 1483 1030 Cumanos

310 1063 346 1124 et
375 1059 560 1143 Papienses
590 1062 625 1122 et
656 1057 758 1133 alios;
793 1057 887 1120 unde
921 1056 1009 1120 bene
1043 1059 1333 1138 recuperaverunt
1365 1074 1483 1118 omnes

310 1149 463 1232 captivos
488 1151 523 1211 et
546 1147 682 1211 obsides
706 1137 819 1223 suosb,
850 1166 933 1228 quos
956 1145 1144 1229 imperator
1167 1143 1296 1208 alicubi
1319 1143 1483 1208 habebat.

588 1301 803 1367 Codapnelli
825 1301 991 1353 Libellus
1014 1301 1206 1353 tristitiae.

310 1417 370 1480 per
400 1395 654 1478 expeditionem
676 1394 902 1478 imperatoris,
927 1393 1028 1458 valde
1050 1393 1244 1456 timuerunt
1267 1396 1302 1456 et
1325 1392 1484 1475 perteriti

309 1488 400 1562 sunt,
426 1484 642 1548 discedentes
665 1483 760 1546 illico
784 1503 805 1546 a
828 1482 937 1566 prelio
961 1483 1064 1546 etad
1088 1481 1202 1544 locum
1225 1481 1286 1545 ubi
1310 1484 1403 1545 erat⁰
1424 1482 1483 1544 im-

310 1577 447 1657 perator
476 1573 654 1636 venientes
686 1575 721 1636 et
752 1591 787 1635 se
819 1572 1068 1648 coadunantes;
1100 1571 1253 1634 dicentes
1283 1571 1484 1653 imperatori

310 1682 422 1725 comes
440 1659 553 1725 Guido
571 1664 605 1724 et
621 1661 774 1724 marchio
791 1661 833 1724 de
849 1659 1121 1724 Monte-ferato:
1149 1657 1315 1736 ‘Domine
1334 1659 1481 1737 domine,

308 1751 410 1813 modo
445 1750 590 1834 potestis
619 1750 735 1813 videre
766 1749 928 1812 militiam
957 1748 1161 1824 Mediolani,
1199 1751 1234 1810 et
1264 1748 1356 1829 quod
1385 1747 1482 1812 vobis

310 1839 466 1916 diximus,
492 1859 610 1902 verum
641 1842 725 1914 erat,
757 1839 905 1902 domine.
953 1836 1151 1918 Cogitemus
1183 1837 1227 1900 de
1256 1835 1356 1900 nobis
1381 1837 1482 1901 etde

309 1932 412 2011 gente
427 1931 555 2003 nostra,
582 1931 674 1991 certe
690 1927 774 1990 victi
798 1931 833 1990 et
857 1926 1009 2008 superati
1033 1945 1159 2002 sumus,
1185 1928 1220 1988 et
1236 1925 1339 1988 hodie
1356 1925 1481 1989 erimus

309 2017 402 2100 capti
426 2019 461 2079 et
484 2016 622 2078 mortui.
669 2015 793 2078 Nonne
816 2015 951 2091 videtis,
982 2013 1133 2096 qualiter
1160 2015 1205 2076 ad
1227 2035 1290 2076 nos
1313 2013 1482 2078 veniunt?

309 2105 375 2167 Isti
398 2108 479 2167 sunt
502 2105 567 2167 viri
590 2103 722 2168 feroces
747 2107 782 2166 et
804 2103 984 2166 fortissimi
1009 2105 1044 2166 et
1068 2103 1162 2164 docti
1189 2102 1227 2164 in
1250 2102 1359 2180 bello;
1390 2107 1482 2167 certe

308 2193 367 2256 isti
397 2196 600 2277 superarent
628 2192 702 2256 fere
732 2195 844 2256 totam
872 2191 976 2255 aliam
1003 2191 1257 2254 Lonbardiam’.
1304 2191 1350 2254 nt
1380 2192 1481 2275 impe-

308 2285 403 2345 rator
433 2281 535 2344 dixit:
569 2281 658 2344 ‘Non
688 2285 790 2345 erunt
820 2281 895 2344 ausi
925 2281 970 2343 ad
998 2301 1060 2344 nos
1089 2280 1214 2358 venire,
1245 2300 1315 2342 non
1346 2284 1482 2363 oportet

308 2391 370 2434 nos
386 2370 524 2453 fugere;
550 2371 663 2433 adhuc
684 2371 850 2434 distamus
875 2369 918 2433 ab
943 2369 990 2433 eis
1015 2389 1076 2452 per
1091 2369 1244 2432 medium
1259 2363 1480 2446 miliariumd;

308 2460 402 2542 prius
418 2459 496 2522 volo
512 2459 638 2536 videre,
663 2460 746 2540 quid
761 2459 890 2522 tacturi
906 2457 1008 2521 sunt'.
1055 2457 1101 2520 Et
1124 2458 1207 2520 dum
1223 2458 1287 2521 hec
1303 2461 1480 2539 geruntur,

308 2547 436 2611 milites
460 2567 577 2611 omnes
601 2548 748 2630 predicti
772 2551 807 2610 et
830 2545 978 2631 populus
1002 2567 1081 2610 oum
1105 2547 1246 2623 carocio,
1278 2546 1338 2628 qui
1361 2546 1482 2630 impul-

309 2655 365 2698 sus
399 2656 420 2698 a
449 2635 576 2719 populo
611 2636 661 2698 ita
692 2635 905 2699 velocissime
941 2635 1101 2698 currebat
1132 2639 1173 2698 ut
1208 2634 1408 2710 destrarius,
1445 2639 1482 2698 et

308 2725 623 2808 appropinquantes
640 2725 805 2788 exercitui
821 2725 1046 2808 imperatoris,
1071 2724 1206 2806 ingenti
1222 2723 1369 2786 clamore
1384 2722 1481 2787 facto

307 2813 520 2878 velocissime
548 2813 717 2897 impetum
746 2814 783 2876 in
813 2834 870 2878 eos
899 2813 1068 2876 fecerunt.
1116 2812 1309 2896 Imperator
1335 2831 1416 2876 vero
1445 2816 1481 2876 et

308 2923 425 2967 omnes
456 2903 516 2967 alii
547 2904 589 2967 de
620 2903 773 2967 exercitu
803 2903 875 2966 eius
902 2903 1060 2966 videntes
1090 2921 1161 2964 non
1189 2921 1287 2984 posse
1309 2900 1479 2978 resistere,

306 2995 407 3074 terga
429 2995 604 3056 vertentes
627 2992 748 3074 fugam
771 2992 963 3075 petierunt;
995 3011 1079 3072 quos
1103 2989 1379 3054 Mediolanenses
1403 2989 1481 3073 plus

308 3081 427 3143 decem
450 3080 610 3143 milibuse
638 3101 699 3163 per
721 3079 822 3142 villas
847 3083 883 3144 et
907 3100 1043 3163 campos
1075 3083 1109 3142 et
1137 3099 1277 3142 nemora
1304 3079 1482 3160 insequen-

307 3171 370 3242 tes,
395 3169 522 3251 partim
538 3189 656 3232 eorum
672 3168 788 3250 gladio
807 3168 1058 3232 interfecerunt
1082 3171 1117 3231 et
1140 3168 1267 3251 partim
1283 3167 1481 3231 vulneratos

307 3257 405 3336 quasi
429 3256 608 3320 semivivos
632 3257 669 3318 in
693 3277 812 3339 campo
835 3257 1091 3340 relinquerunt;
1117 3260 1152 3319 et
1176 3259 1341 3339 oeperunt
1364 3259 1481 3319 tantos

307 3345 399 3407 inter
418 3343 673 3408 Theothonicos
698 3349 733 3409 et
757 3345 942 3429 Papienses
967 3350 1002 3410 et
1025 3344 1253 3408 Novarienses
1278 3347 1313 3407 et
1339 3343 1481 3408 Oumen·

308 3453 370 3508 sea,
398 3445 492 3512 quod
517 3462 611 3498 omnes
636 3447 872 3514 presonerios
897 3450 925 3500 et
948 3446 1055 3500 obsides
1081 3461 1216 3512 eorum,
1242 3460 1310 3512 quos
1333 3444 1482 3512 imperator

307 3521 345 3582 in
368 3521 475 3604 Papia
505 3525 540 3585 et
564 3517 704 3586 Laudef
732 3524 792 3586 diu
821 3524 1050 3586 incarceratos
1082 3533 1235 3600 tenebat,
1264 3533 1414 3602 egregie
1438 3549 1481 3586 re-

307 3625 521 3689 cuperaverunt,
546 3614 581 3674 et
600 3611 871 3694 superaverunt1
894 3612 942 3675 eis
966 3611 1044 3694 plus
1060 3609 1156 3672 mille
1173 3610 1370 3692 quingenti3
1396 3631 1481 3692 quos

307 3697 545 3762 Mediolanum
557 3700 730 3762 duxerunt
747 3703 782 3763 et
797 3700 834 3762 in
850 3699 1042 3762 carceribus
1058 3697 1284 3762 recluserunt.
1322 3699 1482 3762 Castrum

307 3807 387 3850 vero
413 3785 557 3850 Oaroani
584 3789 722 3872 penitus
747 3787 1014 3870 dereliquerunt,
1046 3787 1127 3870 quia
1156 3790 1296 3872 propter
1326 3788 1481 3870 predicta

307 3876 555 3959 impedimenta
584 3877 711 3942 habere
740 3899 811 3940 non
841 3879 1039 3961 potuerunt.
1086 3875 1224 3939 Dicitur
1252 3881 1286 3940 et
1309 3876 1422 3939 fertur
1445 3880 1481 3940 et

307 3984 426 4029 verum
457 3969 518 4043 est,
550 3967 642 4048 quod
671 3967 857 4049 imperator
884 3967 922 4028 in
949 3967 1022 4050 ipso
1050 3964 1143 4030 bello
1168 3969 1288 4048 captus
1313 3969 1348 4028 et
1370 3969 1480 4029 reten-

305 4055 386 4114 tusg
413 4058 511 4131 esset,
544 4056 625 4136 quia
654 4057 803 4138 quedam
830 4055 951 4139 planta
973 4047 1093 4118 nucish
1120 4054 1168 4118 sic
1193 4057 1331 4137 ceperat
1355 4055 1480 4118 destra-

306 4209 329 4254 e)
344 4204 437 4246 ducenti
451 4209 477 4249 A.
544 4209 568 4256 b)
586 4211 676 4248 deletum
691 4211 775 4250 videtur
789 4211 812 4248 tn
826 4211 852 4252 A.
922 4213 943 4258 c)
961 4211 1013 4260 imp.
1028 4207 1108 4249 aderat
1122 4209 1147 4258 P,
1166 4209 1223 4257 quod
1237 4210 1308 4257 maele
1321 4209 1371 4247 etilo
1387 4208 1481 4257 Oodeyn.

306 4261 428 4362 {peteme
443 4259 487 4353 Pd)
501 4261 596 4302 milliare
610 4264 635 4304 P.
690 4266 711 4312 e)
725 4265 835 4304 milliariis
850 4265 874 4306 P.
928 4265 947 4311 f)
961 4262 1029 4304 leuda
1043 4263 1067 4305 P.
1121 4265 1144 4311 g)
1158 4267 1282 4311 retemptus
1298 4263 1325 4312 P;
1349 4267 1440 4301 renatus
1455 4263 1481 4304 Β.

308 4419 334 4486 1)
352 4420 375 4474 Ι.
394 4437 414 4474 e.
433 4437 561 4474 necares
578 4429 716 4490 captorem
734 4440 752 4474 a
770 4424 1013 4476 Mediolanensibus
1034 4429 1109 4474 laeto
1127 4425 1216 4474 lacior
1234 4429 1292 4474 erat
1310 4437 1419 4473 nwemero
1438 4422 1481 4473 ob-

306 4492 396 4542 sidum
413 4499 437 4544 et
456 4499 593 4560 captorum
612 4501 690 4546 alima
709 4495 956 4550 Mediolanensem.
