3324 5146
99 1085 100 1089 ’
205 1087 250 1131 no

306 529 359 583 EX
376 529 509 584 IAGOBI
527 529 717 600 AQUENSIS
736 530 903 586 GRONIOA
922 530 1117 586 YMAGINIS
1136 531 1271 587 MUNDI.
1344 535 1378 588 85

204 715 242 776 in
257 713 406 778 maxima
421 713 646 778 multitudine
662 715 859 778 occidimus.
894 714 991 778 Tunc
1007 718 1124 778 autem
1140 715 1235 778 XII²
1251 715 1378 778 Turchi
1390 729 1466 783 1189.

205 801 380 885 quandam
409 802 637 867 munitionem
661 803 803 887 capiunt
827 807 862 866 et
885 803 1031 867 viriliter
1054 803 1258 867 detendunt.
1304 803 1378 868 Nec

205 889 379 974 potuimus
396 909 453 954 eos
469 891 605 956 vincere
620 891 688 955 nisi
704 911 783 954 cum
798 892 945 954 maximo
962 891 1079 956 labore
1100 895 1145 955 et.
1155 892 1245 974 igne.
1281 891 1378 956 Tunc

204 979 252 1041 im
277 979 390 1042 erator
418 979 529 1042 mittit
558 980 699 1043 nuntios
729 1001 807 1043 suos
836 980 1035 1063 imperatori
1063 979 1254 1058 Frederico,
1286 982 1379 1064 quod

252 1001 305 1130 iis
327 1067 404 1130 vult
428 1068 510 1132 dare
532 1069 720 1132 transitum
743 1088 804 1152 per
825 1072 937 1132 totam
961 1089 1058 1132 suam
1080 1071 1223 1145 terram;
1253 1072 1289 1132 εὴ
1312 1070 1378 1133 nisi

1389 871 1466 924 1190.

1388 941 1461 987 (Febr.
1470 942 1512 990 14).

206 1157 271 1220 hoc
293 1155 442 1232 fecisset,
468 1157 674 1240 cepissemus
699 1155 1036 1241 Constantinopolim
1058 1157 1237 1222 violenter.
1284 1157 1387 1222 Petit.

205 1244 391 1328 imperator
420 1244 621 1310 Fredericus
651 1246 796 1329 obsyder
828 1247 870 1309 de
901 1244 1033 1322 Grecis,
1070 1247 1162 1328 quod
1191 1247 1379 1310 servabunt

205 1333 271 1398 sibi
301 1333 570 1417 promissionem.
616 1333 662 1398 Et
691 1335 802 1398 mittit
832 1334 897 1398 sibi
927 1335 1113 1418 imperator
1140 1334 1511 1406 Constantino-(narni).

205 1421 380 1506 politanus
404 1422 479 1484 XII
502 1416 667 1486 baronesb
699 1443 851 1506 magnos,
882 1423 942 1506 qui
971 1426 1067 1486 stant
1096 1423 1285 1486 nobiscum.
1333 1423 1379 1487 Et

205 1513 338 1575 ducunt
364 1514 479 1574 toturn
507 1512 694 1575 exercitum
719 1532 797 1574 curn
819 1513 1026 1596 imperatore
1050 1513 1095 1575 ad
1117 1531 1279 1594 magnam
1302 1513 1379 1576 civi-

204 1603 314 1664 tatem
337 1597 459 1664 Grecie
481 1597 665 1683 Galpolim.
712 1600 870 1665 Etenim⁰
898 1601 992 1684 apud
1015 1597 1189 1684 Galpolim
1212 1601 1378 1684 pessimus

206 1693 241 1753 et
271 1689 384 1771 gravis
413 1689 591 1752 transitus.
638 1688 685 1752 Et
707 1709 778 1752 non
801 1693 915 1772 potest
938 1689 1079 1752 transiri
1102 1689 1187 1752 alibi
1209 1689 1277 1752 nisi
1301 1710 1379 1754 eum

205 1777 357 1861 periculo
387 1777 473 1854 vite,
504 1778 586 1860 quia
614 1777 664 1842 ibi
694 1781 776 1841 sunt
805 1777 949 1861 paludes
979 1781 1015 1840 et
1044 1781 1178 1841 montes
1209 1777 1376 1854 altissimi,

206 1886 307 1950 super
331 1886 414 1949 quas
438 1887 509 1930 non
531 1869 647 1950 potest
670 1867 818 1930 ascendi.

348 2036 516 2092 rarusrr
534 2036 774 2092 sarcasmus
793 2035 969 2091 rmunns
987 2035 1236 2092 sauronmns.
1332 2005 1334 2007 ’

312 2133 356 2194 In
378 2133 530 2196 transitu
553 2133 720 2215 paludum
744 2130 967 2216 Gaipolidum
996 2131 1180 2205 habuimus
1206 2135 1261 2195 tot
1287 2133 1378 2194 navi·

206 2220 311 2296 culas,
342 2221 435 2302 quod
457 2221 495 2282 in
517 2241 589 2283 una
612 2219 689 2283 die1
710 2221 932 2284 transivimus
955 2240 1082 2297 omnes,
1114 2224 1257 2304 excepto
1287 2221 1379 2302 quod

206 2310 285 2372 dux'
299 2307 424 2372 Suavie
447 2329 508 2392 per
531 2308 706 2372 antediem
727 2309 889 2372 transivit
913 2329 990 2372 curn
1014 2309 1045 2372 V
1060 2308 1200 2372 milibus
1223 2310 1548 2391 equitumnrassaa).

205 2401 241 2461 et
268 2397 417 2460 totidem
444 2397 602 2480 peditum
625 2397 897 2480 sagitariorum2.
944 2397 1139 2481 Imperator
1162 2400 1278 2461 autem
1302 2397 1378 2462 Fre-

205 2480 362 2550 ‹iericus‘¹
383 2485 508 2550 habuit
532 2486 576 2549 ad
597 2486 848 2550 transeundum
871 2485 1007 2569 galeam
1030 2506 1136 2550 unam
1158 2506 1320 2569 magnam
1344 2490 1379 2551 et
1388 2507 1516 2556 (naara).

203 2573 341 2652 fortem,
366 2575 447 2656 quia
469 2595 540 2638 non
564 2574 759 2638 confidebat
783 2575 825 2639 dc
842 2572 970 2639 Grecis.
1018 2575 1063 2638 Et
1086 2576 1164 2639 ideo
1187 2575 1237 2638 ita
1260 2595 1378 2638 omnes

205 2662 339 2726 ibamus
370 2683 449 2726 cum
479 2664 581 2726 armis
611 2665 739 2747 paratis
763 2667 799 2727 et
822 2663 957 2728 balistis
987 2664 1146 2740 extensis,
1178 2667 1237 2727 ac⁰
1266 2664 1294 2727 si
1317 2664 1377 2726 ini·

204 2753 285 2816 mici
309 2755 424 2816 essent
447 2750 506 2814 ibi.

364 2921 541 2976 VENIMUS
559 2921 611 2976 AD
631 2920 848 2976 crvrrATnM
865 2921 1208 2977 PHYLADnnFIAMe.

310 3016 393 3080 Post
422 3017 610 3080 transitum
639 3036 720 3080 vero
750 3017 855 3080 istum
885 3017 1125 3099 gravissimum
1147 3016 1303 3080 venimus
1333 3016 1377 3078 ad

204 3105 380 3169 civitatem
399 3098 684 3190 Phyladelfiamf‚
709 3107 745 3168 εὴ
767 3105 934 3169 nolebant
956 3105 1056 3169 nobis
1080 3105 1227 3169 vendere
1250 3105 1503 3175 victua-(ama.

203 3193 261 3257 lia.
313 3193 359 3258 Et
388 3195 466 3258 ideo
496 3196 682 3277 preparant
712 3213 748 3257 se
778 3193 982 3258 Theotoniei
1017 3195 1061 3257 ad
1093 3193 1225 3258 bellum
1258 3197 1378 3256 contra

204 3281 347 3360 Grecos;
380 3287 415 3346 et
438 3285 475 3346 in
497 3283 587 3346 istog
612 3281 705 3347 bello
728 3282 873 3346 fecimus
897 3283 946 3346 eis
969 3283 1156 3346 maximum
1179 3283 1375 3366 dampnum,

204 3375 240 3434 et
263 3372 368 3434 etiam
390 3372 457 3454 ipsi
479 3371 588 3434 nobis.
635 3371 769 3434 Iterum
791 3374 978 3454 preparant
1001 3391 1036 3434 se
1054 3369 1155 3434 Greci
1179 3371 1223 3432 ad
1245 3369 1377 3434 bellum

203 3459 390 3522 nobiscum.
437 3458 483 3522 Et
512 3463 597 3522 tunc
627 3459 826 3542 supervenit
855 3459 1042 3542 imperator
1069 3459 1271 3522 Fredericus
1299 3479 1377 3521 cum

205 3547 357 3612 exercitu
379 3567 516 3640 magno.
557 3546 656 3625 Quod
679 3547 836 3611 videntes
853 3545 955 3612 Greci
979 3548 1022 3612 de
1037 3540 1265 3611 Philadelfiall
1292 3548 1377 3610 dant

203 3635 301 3700 nobis
324 3636 456 3700 forum¹
486 3629 551 3700 dek
569 3636 788 3700 victualibus.
834 3635 951 3699 Intrat
973 3637 1160 3720 imperator
1175 3635 1375 3700 Fredericus

205 3725 380 3789 civitatem
409 3725 507 3788 illam
537 3745 616 3788 curn
645 3725 776 3808 paucis,
814 3728 849 3788 et
879 3725 1048 3790 exercitus
1078 3728 1173 3788 totus
1203 3729 1299 3789 extra
1328 3744 1376 3788 re-

203 3919 375 3980 stitans.
443 3933 584 3980 aman
646 3935 666 3980 ο)
681 3933 768 3983 neap.
783 3933 809 3976 e.
824 3934 965 3976 oanan.
1026 3931 1049 3981 u)
1064 3930 1169 3975 reuera,
1184 3932 1238 3974 rr.
1299 3933 1376 3979 aare

202 3986 251 4028 131.
261 3987 281 4028 2.
321 3983 482 4033 Oflladelfiam
496 3986 516 4024 A
530 3986 550 4029 t.
561 3987 575 4027 l.
622 3988 645 4034 g)
659 3990 683 4026 et
697 3987 746 4026 inito
759 3987 786 4030 A.
827 3987 851 4034 h)
866 3984 1036 4038 phyladelphys
1049 3987 1094 4029 ul.
1108 3986 1162 4035 B1;
1178 3982 1314 4035 phyladelfia
1328 3985 1375 4027 132.

203 4039 221 4090 r)
234 4039 282 4078 ras
296 4039 316 4076 a
326 4039 345 4083 a.
400 4039 425 4088 r>
439 4039 541 4078 omnibus
556 4039 607 4081 aaa.
621 4040 641 4078 r
650 4039 669 4084 a.

203 4217 231 4282 1)
254 4215 361 4269 Rectius
387 4219 466 4270 Gesta
491 4220 613 4282 referunt
638 4219 783 4269 canatum
807 4219 921 4284 quinque
946 4220 1052 4283 (revera
1076 4217 1136 4281 sex)
1161 4217 1252 4268 datus
1276 4218 1376 4281 fretum

202 4289 351 4342 transiisse.
388 4289 440 4340 Sed
462 4305 552 4340 cerum
575 4288 622 4340 hoc
639 4304 692 4340 esse
706 4295 803 4355 posset,
830 4291 856 4340 si
872 4295 965 4340 audor
983 4289 1068 4340 dicere
1085 4289 1169 4340 coluit
1186 4304 1265 4340 suum
1282 4303 1376 4353 cymas

202 4373 260 4408 una
277 4359 320 4410 dic
337 4361 486 4414 transiisse.
558 4359 586 4426 2)
602 4359 696 4426 Ipsum
714 4360 804 4410 ducem
822 4361 853 4410 ia
870 4375 948 4411 coena
965 4359 1079 4411 Domini
1095 4360 1193 4425 (Mart.
1206 4357 1262 4428 22),
1282 4373 1376 4422 cymen

202 4430 259 4480 ciue
282 4431 312 4480 in
334 4446 479 4496 parasceue
502 4431 601 4496 (Mart.
619 4432 668 4494 23)
693 4431 834 4482 transiisse
859 4431 1007 4482 Ambenus
1031 4431 1164 4492 tradidit·
1189 4431 1257 4496 quod
1276 4429 1374 4483 Chron.

202 4501 279 4564 repta
298 4500 353 4556 Col.
369 4519 398 4568 p.
413 4503 472 4556 148.
490 4502 640 4566 confimat.
