3324 5146
289 471 325 524 88
397 465 522 521 (tussa
540 463 720 520 FEDllRIOI
738 462 761 519 Ι,
780 461 861 516 ΙΜΡ.
881 461 922 516 IN
940 460 1202 518 EXPEDITIONE
1221 460 1354 517 SAORA.

203 666 281 720 1190.
396 649 613 732 Restagnus⁸
632 667 712 712 vero
729 646 888 710 dominus
903 645 1043 709 illorum
1059 647 1096 708 in
1111 647 1260 728 quadam
1276 640 1459 710 stricturab

290 738 461 802 montium
491 741 589 800 cum⁰
616 737 754 800 infinito
784 735 936 799 exercitu
958 734 1027 797 fuit
1058 737 1139 798 ante
1162 735 1405 818 imperatorem
1428 739 1465 799 et

290 848 361 891 non
391 826 527 891 sinebat
557 845 636 890 cum
664 825 821 900 transire,
853 824 913 887 sed
942 817 1057 886 misit‘l
1084 823 1129 886 ad
1152 843 1240 899 eum,
1272 825 1364 906 quod
1393 845 1464 887 non

289 916 463 992 transiret,
494 915 562 978 nisi
592 915 690 978 daret
719 914 751 978 ei
781 916 921 976 centum
950 912 1133 975 somariose
1166 913 1241 975 auri
1270 916 1305 977 et
1329 913 1464 995 argenti

291 997 510 1068 honerausf.
566 1003 760 1086 Imperator
789 1021 869 1066 vero
898 1001 1076 1084 respondit
1106 1021 1142 1064 se
1172 999 1322 1064 libenter
1348 1001 1461 1064 uelleg

291 1094 373 1157 dare
404 1085 462 1156 ei¹¹
495 1112 617 1156 aurum
647 1095 683 1154 et
712 1094 909 1172 argentum,
940 1091 1000 1154 sed
1029 1110 1100 1152 non
1129 1089 1196 1152 nisi
1226 1083 1456 1153 menolatumi

290 1175 433 1244 unumk.
481 1181 622 1244 Interea
636 1179 756 1242 nuncii
772 1171 941 1254 soldani¹,
966 1179 1054 1260 quim
1070 1177 1264 1241 ducebantn
1285 1199 1351 1254 eos,
1377 1179 1464 1242 dice·

291 1270 396 1334 bant⁰
424 1270 493 1333 cito
517 1274 595 1333 eosp
623 1288 695 1332 esse
725 1269 762 1330 in
789 1271 882 1331 terra
905 1267 1049 1343 soldani,
1080 1267 1131 1330 ita
1161 1267 1254 1348 quod
1283 1287 1367 1348 gens
1396 1267 1464 1330 ista

178 1379 282 1428 (aare).
290 1379 361 1422 non
388 1358 539 1422 valeret‘l
574 1358 622 1420 eis
650 1356 797 1440 amplius
827 1375 960 1419 nocere.
1013 1355 1109 1419 Tunc
1147 1356 1287 1437 quidam
1321 1357 1463 1418 amiran·
1647 1425 1648 1436 ,

291 1449 376 1510 dus¹
408 1447 544 1510 divino⁸
577 1440 738 1508 numinet
773 1442 910 1508 tactus¹
941 1444 1038 1507 venit
1073 1445 1117 1506 ad
1151 1444 1394 1527 imperatorem
1428 1449 1464 1508 et
1639 1458 1642 1544 )

291 1536 379 1599 dixit
402 1535 459 1598 ei¹¹
486 1553 521 1598 se
544 1535 725 1598 ostendere
749 1533 875 1597 bonam
898 1533 1005 1609 viam;
1038 1536 1098 1596 etv
1126 1533 1218 1614 quod
1241 1553 1341 1596 mane
1365 1537 1464 1598 erant
1639 1583 1642 1617 ,

211 1679 213 1684 .
290 1623 499 1707 preliaturiW
523 1643 601 1686 cum
624 1641 680 1699 eo;
713 1625 748 1686 et
771 1623 800 1686 si
823 1622 889 1685 hoc
911 1643 982 1684 non
1006 1625 1104 1698 esset,
1137 1625 1332 1704 amputaret
1360 1626 1464 1704 caput

291 1713 357 1776 ei¹.
404 1711 450 1774 Et
474 1711 572 1774 duxit
593 1717 692 1774 euml)
712 1715 798 1794 pery
817 1715 1046 1786 montaneam,
1072 1731 1150 1773 cum
1167 1710 1308 1774 deberet
1331 1710 1380 1774 ire
1403 1730 1464 1794 per

290 1800 481 1884 planitiem,
506 1805 628 1882 quam²
649 1799 778 1863 Turohi
802 1803 1000 1883 ceperantt.
1035 1799 1194 1882 Pmcepit
1216 1802 1301 1862 tunc
1322 1800 1463 1883 impera-

289 1893 354 1966 tor,
378 1892 419 1952 ut
442 1909 560 1953 omnes
584 1889 779 1972 acciperent
802 1889 1040 1972 penitentiam,
1072 1889 1153 1970 quia
1180 1888 1217 1951 in
1240 1907 1340 1952 mane
1364 1891 1464 1951 erant

177 1977 486 2061 (aasapreliaturh
511 1997 612 2040 mane
628 1970 728 2040 veroh
750 1980 915 2060 ceperunt
938 1980 1157 2053 montanea0,
1182 1971 1401 2059 sagittariosd
1428 1980 1464 2040 et

290 2066 485 2130 balistarios
509 2065 679 2148 premisit;
705 2068 741 2128 et
764 2068 1005 2148 pugnaverunt
1022 2086 1101 2128 cum
1116 2065 1164 2129 eis
1184 2069 1219 2129 et
1234 2065 1362 2128 multos
1389 2061 1458 2147 [erre

291 2149 348 2234 eis)
378 2153 639 2230 interfecerunt,
668 2155 728 2217 sed
755 2155 821 2237 ipsi
845 2155 991 2238 desuper
1013 2153 1141 2217 multos
1165 2155 1207 2218 de
1230 2147 1378 2218 nostrisf
1404 2155 1463 2216 im-

290 2243 504 2327 petieruntss.
552 2241 597 2305 Et
622 2263 700 2306 cum
722 2235 983 2326 pervenissenth
1011 2243 1055 2306 ad
1079 2236 1296 2308 descensumi
1325 2243 1461 2320 montis,

290 2351 360 2394 non
383 2334 571 2415 potuerunt
588 2332 795 2396 descendere
817 2331 885 2395 nisi
900 2331 1030 2395 relictis
1047 2325 1211 2395 sarcinisk
1227 2335 1263 2395 et
1278 2331 1462 2395 alimentis.
1639 2331 1640 2334 ’

291 2420 359 2484 Sed
390 2413 484 2482 cuml
516 2420 586 2482 dux
609 2421 851 2496 descendisset,
883 2420 977 2504 ipsinn
1007 2421 1057 2483 ita
1084 2420 1299 2484 infestabant
1322 2421 1462 2503 impera-

289 2511 434 2584 toremn,
467 2509 558 2590 quod
586 2528 656 2570 non
685 2511 822 2592 poterat
852 2509 1067 2572 descendere.
1115 2508 1214 2570 Dux⁰
1246 2529 1326 2572 vero
1356 2528 1463 2572 rever-

290 2617 347 2660 sus
371 2596 474 2659 simul
498 2616 575 2659 oum
599 2597 826 2679 imperatore)
854 2598 1022 2680 pugnavit
1046 2598 1206 2673 cumeis,
1239 2597 1366 2660 devicit
1395 2617 1461 2674 eos,

291 2688 327 2749 et
350 2685 420 2748 dux
442 2685 491 2748 ibi
514 2685 583 2748 fuit
606 2705 785 2768 percussus
810 2686 853 2749 de
869 2686 1017 2768 quodam
1040 2685 1155 2769 lapide
1179 2689 1214 2748 et
1238 2687 1323 2749 duos
1344 2687 1463 2750 dentes

291 2773 406 2837 amisit
416 2773 437 2835 ².
490 2773 614 2838 Postea
644 2776 820 2838 transacto
850 2777 968 2838 monte
998 2778 1033 2838 et
1062 2773 1192 2838 relictis
1224 2774 1397 2838 alimentis
1428 2778 1465 2838 et

290 3125 311 3170 ε)
325 3123 356 3161 εἰσ
370 3123 394 3164 P.
409 3123 451 3165 sc.
464 3127 483 3160 et
497 3122 555 3170 lac.)
576 3123 686 3172 Rostagus
700 3123 731 3172 A;
755 3123 844 3171 magnas
859 3123 890 3172 B;
912 3123 1039 3172 Rostagnus
1054 3123 1127 3172 Pipin.
1181 3123 1203 3171 b)
1217 3123 1248 3160 εἰσ
1261 3124 1281 3161 Β
1295 3127 1314 3161 et
1329 3123 1369 3164 Sto.
1383 3125 1464 3173 (Iao.);

290 3176 370 3215 stricta
384 3175 415 3225 A;
437 3176 462 3214 in
476 3173 589 3224 quandam
603 3177 704 3215 strictam
719 3177 743 3218 P.
811 3177 831 3222 c)
845 3177 875 3214 εἰσ
890 3176 916 3218 A.
930 3177 954 3218 P.
969 3177 1010 3218 so.
1024 3176 1109 3224 Parin„-
1129 3177 1186 3214 deest
1202 3177 1225 3218 Β,
1294 3175 1317 3224 d)
1331 3177 1422 3216 immisit
1437 3180 1463 3220 A.

291 3231 312 3277 e)
326 3229 456 3268 summarios
471 3229 497 3270 A
511 3228 563 3278 Sim
585 3230 692 3268 somarios
706 3229 731 3270 P.
785 3229 803 3276 f)
816 3229 847 3266 εἰσ
860 3230 886 3271 Β,
897 3230 921 3270 P.
936 3229 976 3270 Sic.
991 3233 1010 3267 et
1023 3229 1082 3277 Ιασ,,·
1097 3233 1189 3268 onustos
1203 3230 1223 3268 A
1237 3235 1257 3268 εἰ
1272 3229 1344 3278 Papia.
1397 3230 1420 3280 g)
1434 3232 1464 3269 εἰσ

291 3285 316 3323 A.
327 3282 357 3329 P,·
375 3283 432 3321 deest
445 3282 465 3320 B
480 3285 499 3320 ct
513 3282 554 3324 Sto.
608 3282 631 3329 h)
645 3283 676 3320 stc
689 3282 715 3324 A.
725 3283 756 3330 P,·
771 3286 794 3321 st
807 3282 833 3324 B.
887 3283 903 3330 i)
918 3283 948 3320 εἰσ
962 3283 1016 3330 Sic.)
1033 3293 1101 3321 manu
1115 3283 1185 3322 latum
1199 3283 1264 3333 B.P;
1284 3294 1351 3322 manu
1365 3283 1463 3322 laturum

290 3336 374 3385 Pupia)
389 3333 429 3374 sed
444 3336 488 3374 nisi
503 3335 670 3375 immelcnatum
684 3336 710 3378 A.
760 3335 785 3384 k)
798 3337 854 3374 deest
867 3336 927 3378 B.P.
975 3336 991 3382 l)
1005 3333 1094 3374 soldoni
1107 3337 1134 3378 B.
1175 3337 1205 3384 m)
1219 3337 1250 3374 εἰσ
1259 3338 1285 3378 A.
1295 3337 1320 3378 P.
1330 3337 1370 3378 sto.
1380 3337 1463 3386 Pr'pr'a„¹

290 3389 347 3427 deest
360 3389 386 3430 B.
455 3391 478 3436 n)
492 3389 522 3427 εἰσ
536 3389 562 3431 Β.
578 3389 631 3437 Sta,-
652 3387 786 3428 dicebantur
800 3390 826 3430 A.
887 3391 909 3436 o)
922 3389 953 3426 εἰσ
967 3389 997 3437 P,·
1018 3390 1074 3428 deest
1088 3391 1120 3437 A,·
1142 3393 1165 3428 et
1179 3387 1223 3432 dis.
1236 3391 1263 3432 B.
1330 3392 1353 3440 p)
1367 3391 1423 3429 deest
1437 3392 1463 3432 A.

291 3443 313 3490 q)
328 3441 450 3480 valuerunt
463 3443 494 3492 A3
514 3441 610 3490 amplius
624 3453 669 3482 non
683 3447 760 3490 posset
773 3442 795 3480 ei
809 3453 859 3484 noc.
872 3443 903 3493 B;
921 3453 966 3481 non
980 3446 1057 3492 posset
1071 3443 1092 3482 ci
1107 3443 1172 3491 ampl.
1187 3443 1211 3484 P.
1221 3443 1321 3492 (Pt'ptn.)
1376 3445 1395 3490 r)
1409 3445 1463 3483 arni-

290 3550 314 3595 u)
328 3558 352 3586 se
366 3551 407 3588 cst.
422 3549 443 3586 ci
457 3547 487 3598 B;
503 3547 537 3586 illi
551 3559 575 3587 se
590 3552 631 3589 cst.
645 3549 670 3590 P.
725 3550 748 3595 v)
762 3549 792 3586 εἰσ
801 3549 826 3589 B.
837 3549 867 3595 P;
881 3549 937 3587 deest
948 3549 975 3591 A.
1029 3551 1059 3596 w)
1072 3549 1103 3586 εἰσ
1112 3551 1139 3592 A.
1149 3549 1179 3596 P,·
1194 3549 1286 3597 preliati
1300 3554 1366 3589 erant
1379 3551 1424 3589 iam
1438 3551 1463 3592 B.

290 3603 314 3648 x)
329 3601 376 3639 elus
391 3600 417 3640 B.
498 3602 521 3650 y)
539 3601 569 3638 εἰσ
583 3602 609 3642 A.
620 3601 640 3640 P
655 3604 705 3650 (per
723 3604 869 3649 montaneas).
885 3602 925 3643 Sic.
945 3603 994 3650 (per
1012 3604 1138 3653 montana);
1160 3600 1192 3640 ad
1205 3607 1312 3642 montana
1325 3603 1345 3641 Β
1359 3607 1378 3642 et
1392 3604 1463 3651 Ριζρίσ.

291 3653 311 3704 z)
325 3664 391 3702 quam
406 3674 431 3681 —
446 3653 577 3702 acciperent
591 3663 632 3696 om.
646 3655 672 3696 A.
726 3657 748 3702 a)
761 3656 793 3693 εἰσ
806 3655 836 3703 Ρ,·
850 3659 946 3703 operant
958 3657 1029 3703 (orat)
1042 3656 1072 3704 B;
1088 3660 1258 3704 occupaverant
1271 3657 1343 3705 Pt'ps'ra
1397 3656 1420 3704 b)
1434 3658 1464 3694 εἰσ

290 3707 356 3755 Β.Ρ,·
377 3706 432 3754 prel.
447 3717 539 3746 manere
553 3705 613 3746 unde
628 3707 654 3747 A.
729 3711 749 3756 c)
763 3711 870 3747 montana
884 3709 910 3752 Β,
978 3705 1001 3756 d)
1018 3709 1049 3746 εἰσ
1062 3709 1093 3757 P,·
1113 3709 1169 3748 deest
1183 3710 1203 3748 A
1221 3710 1260 3757 (cf.
1274 3710 1346 3758 Ptptn.
1360 3715 1380 3748 et
1393 3709 1464 3758 Iao),-

290 3759 413 3809 sagittariis
428 3763 451 3799 et
464 3760 591 3800 halestariis
606 3760 631 3802 B.
687 3763 708 3809 e)
722 3772 750 3800 ex
765 3762 798 3801 eis
811 3762 855 3802 aa.
865 3763 891 3804 A.
945 3761 1032 3812 Quiris
1047 3762 1073 3803 B.
1127 3764 1149 3810 g)
1163 3761 1316 3812 impedierunt
1330 3764 1361 3813 A,
1377 3765 1464 3802 inter·

290 3815 423 3853 fecerunt
436 3813 463 3855 B.
517 3813 540 3862 h)
554 3813 697 3862 peruenisset
710 3815 736 3856 B.
746 3815 770 3857 P.
824 3815 840 3862 i)
854 3815 1034 3863 εἰσΡσίΡιζείσ.,ι
1050 3825 1154 3854 sconsum
1168 3816 1199 3866 A;
1215 3817 1301 3856 exitum
1315 3817 1341 3858 B.
1396 3816 1419 3864 k)
1433 3817 1464 3854 εἰσ

290 3867 317 3908 A.
326 3867 350 3908 P.
366 3867 406 3908 Sic.
420 3867 527 3916 mpla),-
548 3879 570 3909 n.
585 3864 665 3906 reditis
679 3868 793 3907 saracenis
807 3868 833 3909 B.
906 3868 922 3915 l)
936 3869 967 3906 εἰσ
980 3867 1040 3910 B.P.
1055 3869 1108 3916 sa.,·
1128 3869 1185 3907 deest
1198 3870 1224 3911 A.
1297 3871 1327 3916 m)
1342 3873 1365 3909 et
1379 3869 1423 3918 ipsi
1437 3871 1462 3911 A.

290 3919 314 3970 n)
327 3921 358 3958 εἰσ
371 3919 397 3962 B.
407 3919 437 3968 P;
458 3920 590 3970 imperatori
604 3921 630 3962 A.
685 3923 707 3969 c)
721 3921 830 3970 sequentia
845 3921 918 3959 omnia
932 3923 974 3964 σίσε.
989 3922 1009 3960 A
1023 3942 1049 3950 -
1059 3933 1084 3969 p.
1093 3921 1127 3971 96,
1142 3923 1156 3965 l.
1167 3924 1186 3964 1.
1239 3925 1263 3971 p)
1277 3927 1342 3972 patre
1356 3924 1381 3965 P.

292 4077 317 4144 1)
335 4079 408 4128 Male
425 4079 472 4130 hoc
490 4078 582 4132 divino
601 4079 713 4132 numine
732 4082 828 4148 tactus,
847 4081 917 4146 quod
929 4081 983 4134 Iac.
1002 4097 1055 4133 non
1073 4082 1158 4148 babet,
1178 4083 1301 4134 additum
1319 4090 1363 4136 est.
1393 4083 1463 4134 Ans-

291 4149 379 4201 bertas
402 4151 472 4200 enim
497 4151 589 4202 lactet:
615 4150 684 4204 duce
710 4151 829 4217 quodam
849 4150 940 4204 Tusco
966 4151 1082 4220 captivo,
1108 4161 1132 4204 et
1154 4153 1226 4208 Ηίεἰ.
1247 4170 1368 4220 paroya:
1394 4158 1464 4205 nutu

290 4218 382 4271 divino
401 4236 472 4272 unus
491 4237 525 4272 ex
542 4221 673 4289 hostibus,
693 4221 740 4288 qui
759 4239 846 4290 nuper
864 4221 893 4274 in
905 4239 1002 4275 manus
1020 4227 1178 4276 nostrorum
1195 4223 1337 4290 inciderat,
1356 4223 1463 4277 vinctus

290 4289 449 4356 adducitur3
475 4293 544 4359 quod
562 4299 586 4344 ct
605 4293 704 4346 Chaon.
722 4295 799 4358 rapio
818 4294 872 4348 Gcl.
888 4311 917 4361 p.
932 4296 992 4350 149.
1017 4295 1167 4360 confirmat.
1263 4296 1291 4362 2)
1308 4297 1366 4348 Ηοσ
1383 4299 1462 4347 etiam

289 4363 361 4414 Ηίεἰ.
378 4378 483 4429 porepr.
502 4370 615 4428 narrat,
641 4365 686 4416 sod
710 4381 794 4416 anum
819 4371 923 4416 tantum
948 4367 1049 4417 ἅσσσίσσσ
1074 4367 1150 4418 ducis
1175 4367 1292 4430 fractam
1315 4383 1375 4422 σεεσ.
1413 4367 1464 4418 Sed

289 4439 380 4485 nostro
398 4435 508 4486 assentit
526 4434 637 4488 Ricard.
656 4435 772 4488 londin.
791 4451 810 4490 σ.
824 4439 868 4501 23,
888 4437 937 4489 SS.
956 4436 1078 4502 XXVII,
1095 4455 1124 4504 p.
1138 4440 1199 4492 203.

1641 1545 1642 1582 l

290 3495 366 3543 sagius
380 3495 405 3536 B.
415 3495 439 3536 P.
520 3497 539 3542 s)
553 3495 584 3532 εἰσ
598 3495 657 3536 B.P.
672 3497 756 3544 Prptn.;
776 3496 833 3534 ἰσσεί
847 3496 873 3537 A.
955 3497 972 3542 t)
986 3496 1017 3534 εἰσ
1030 3495 1054 3538 P.
1069 3496 1153 3545 Papa)
1175 3495 1266 3535 minime
1280 3497 1311 3547 B;
1332 3497 1423 3536 nominc
1438 3498 1463 3538 A.
