<?xml version="1.0" encoding="UTF-8"?>
<!DOCTYPE html PUBLIC "-//W3C//DTD XHTML 1.0 Transitional//EN"
    "http://www.w3.org/TR/xhtml1/DTD/xhtml1-transitional.dtd">
<html xmlns="http://www.w3.org/1999/xhtml" xml:lang="en" lang="en">
 <head>
  <title>
</title>
<meta http-equiv="Content-Type" content="text/html;charset=utf-8" />
  <meta name='ocr-system' content='tesseract 3.04.00' />
  <meta name='ocr-capabilities' content='ocr_page ocr_carea ocr_par ocr_line ocrx_word'/>
</head>
<body>
  <div class='ocr_page' id='page_1' title='image "./gestafedericiii01holdgoog/gestafedericiii01holdgoog_0049.png"; bbox 0 0 3324 5146; ppageno 0'>
   <div class='ocr_carea' id='block_1_1' title="bbox 283 525 1366 594">
    <p class='ocr_par' dir='ltr' id='par_1_1' title="bbox 283 525 1366 594">
     <span class='ocr_line' id='line_1_1' title="bbox 283 525 1366 594; baseline 0.002 -9"><span class='ocrx_word' id='word_1_1' title='bbox 283 528 415 594; x_wconf 63' lang='lat' dir='ltr'>,essin</span> <span class='ocrx_word' id='word_1_2' title='bbox 432 527 613 583; x_wconf 79' lang='lat' dir='ltr'><strong>FEDERIOI</strong></span> <span class='ocrx_word' id='word_1_3' title='bbox 630 526 655 584; x_wconf 90' lang='lat'>1.</span> <span class='ocrx_word' id='word_1_4' title='bbox 673 525 940 582; x_wconf 78' lang='lat' dir='ltr'>IMPERATORJS</span> <span class='ocrx_word' id='word_1_5' title='bbox 958 526 1001 582; x_wconf 88' lang='lat' dir='ltr'>IN</span> <span class='ocrx_word' id='word_1_6' title='bbox 1019 527 1258 585; x_wconf 81' lang='lat' dir='ltr'>LOMBARDIA.</span> <span class='ocrx_word' id='word_1_7' title='bbox 1330 533 1366 587; x_wconf 77' lang='lat'>45</span> 
     </span>
    </p>
   </div>
   <div class='ocr_carea' id='block_1_2' title="bbox 190 710 1455 1596">
    <p class='ocr_par' dir='ltr' id='par_1_2' title="bbox 190 710 1455 1596">
     <span class='ocr_line' id='line_1_2' title="bbox 193 710 1455 796; baseline 0.003 -18"><span class='ocrx_word' id='word_1_8' title='bbox 193 713 347 796; x_wconf 85' lang='lat' dir='ltr'>Oumque</span> <span class='ocrx_word' id='word_1_9' title='bbox 376 713 563 796; x_wconf 87' lang='lat' dir='ltr'>imperator</span> <span class='ocrx_word' id='word_1_10' title='bbox 593 710 638 775; x_wconf 87' lang='lat' dir='ltr'>ad</span> <span class='ocrx_word' id='word_1_11' title='bbox 668 713 781 774; x_wconf 87' lang='lat' dir='ltr'>castra</span> <span class='ocrx_word' id='word_1_12' title='bbox 809 711 956 776; x_wconf 88' lang='lat' dir='ltr'>redisset</span> <span class='ocrx_word' id='word_1_13' title='bbox 984 715 1020 776; x_wconf 88' lang='lat' dir='ltr'>et</span> <span class='ocrx_word' id='word_1_14' title='bbox 1048 713 1150 777; x_wconf 87' lang='lat' dir='ltr'>dixit:</span> <span class='ocrx_word' id='word_1_15' title='bbox 1183 711 1455 790; x_wconf 85' lang='lat' dir='ltr'>‘Obtinui&#39;,1160.</span> 
     </span>
     <span class='ocr_line' id='line_1_3' title="bbox 191 799 1365 886; baseline 0 -20"><span class='ocrx_word' id='word_1_16' title='bbox 191 801 280 866; x_wconf 88' lang='lat' dir='ltr'>alius</span> <span class='ocrx_word' id='word_1_17' title='bbox 309 801 502 886; x_wconf 70' lang='lat' dir='ltr'>respondit:</span> <span class='ocrx_word' id='word_1_18' title='bbox 540 800 627 863; x_wconf 80' lang='lat' dir='ltr'>‘Imo</span> <span class='ocrx_word' id='word_1_19' title='bbox 657 800 768 862; x_wconf 80' lang='lat' dir='ltr'>victus</span> <span class='ocrx_word' id='word_1_20' title='bbox 800 819 845 864; x_wconf 88' lang='lat' dir='ltr'>es.</span> <span class='ocrx_word' id='word_1_21' title='bbox 897 799 1022 866; x_wconf 86' lang='lat' dir='ltr'>Nonne</span> <span class='ocrx_word' id='word_1_22' title='bbox 1051 801 1161 879; x_wconf 84' lang='lat' dir='ltr'>vides,</span> <span class='ocrx_word' id='word_1_23' title='bbox 1195 804 1365 884; x_wconf 88' lang='lat' dir='ltr'>quomodo</span> 
     </span>
     <span class='ocr_line' id='line_1_4' title="bbox 191 887 1366 956; baseline -0.001 -2"><span class='ocrx_word' id='word_1_24' title='bbox 191 891 467 956; x_wconf 82' lang='lat' dir='ltr'>Mediolanenses</span> <span class='ocrx_word' id='word_1_25' title='bbox 489 893 525 954; x_wconf 88' lang='lat' dir='ltr'>te</span> <span class='ocrx_word' id='word_1_26' title='bbox 550 887 878 952; x_wconf 53' lang='lat' dir='ltr'>circundederunt?</span> <span class='ocrx_word' id='word_1_27' title='bbox 921 889 1148 954; x_wconf 84' lang='lat' dir='ltr'>Remanserat</span> <span class='ocrx_word' id='word_1_28' title='bbox 1172 891 1366 956; x_wconf 89' lang='lat' dir='ltr'>enimcum</span> 
     </span>
     <span class='ocr_line' id='line_1_5' title="bbox 191 976 1366 1044; baseline -0.001 -1"><span class='ocrx_word' id='word_1_29' title='bbox 191 980 350 1044; x_wconf 90' lang='lat' dir='ltr'>ducentis</span> <span class='ocrx_word' id='word_1_30' title='bbox 389 977 628 1042; x_wconf 71' lang='lat' dir='ltr'>solummodoa</span> <span class='ocrx_word' id='word_1_31' title='bbox 667 976 847 1042; x_wconf 70' lang='lat' dir='ltr'>militibus.</span> <span class='ocrx_word' id='word_1_32' title='bbox 904 976 951 1040; x_wconf 79' lang='lat' dir='ltr'>Et</span> <span class='ocrx_word' id='word_1_33' title='bbox 985 977 1261 1044; x_wconf 83' lang='lat' dir='ltr'>Mediolanenses</span> <span class='ocrx_word' id='word_1_34' title='bbox 1295 1000 1366 1044; x_wconf 92' lang='lat' dir='ltr'>non</span> 
     </span>
     <span class='ocr_line' id='line_1_6' title="bbox 190 1066 1366 1152; baseline 0 -20"><span class='ocrx_word' id='word_1_35' title='bbox 190 1071 378 1152; x_wconf 88' lang='lat' dir='ltr'>potuerant</span> <span class='ocrx_word' id='word_1_36' title='bbox 407 1066 512 1130; x_wconf 86' lang='lat' dir='ltr'>facile</span> <span class='ocrx_word' id='word_1_37' title='bbox 544 1066 749 1130; x_wconf 79' lang='lat' dir='ltr'>descendere</span> <span class='ocrx_word' id='word_1_38' title='bbox 780 1066 824 1129; x_wconf 88' lang='lat' dir='ltr'>ad</span> <span class='ocrx_word' id='word_1_39' title='bbox 855 1085 948 1140; x_wconf 91' lang='lat' dir='ltr'>eum,</span> <span class='ocrx_word' id='word_1_40' title='bbox 983 1069 1060 1129; x_wconf 91' lang='lat' dir='ltr'>tum</span> <span class='ocrx_word' id='word_1_41' title='bbox 1094 1072 1235 1151; x_wconf 90' lang='lat' dir='ltr'>propter</span> <span class='ocrx_word' id='word_1_42' title='bbox 1267 1072 1366 1132; x_wconf 90' lang='lat' dir='ltr'>natu-</span> 
     </span>
     <span class='ocr_line' id='line_1_7' title="bbox 190 1154 1366 1239; baseline 0.001 -19"><span class='ocrx_word' id='word_1_43' title='bbox 190 1177 265 1220; x_wconf 90' lang='lat' dir='ltr'>ram</span> <span class='ocrx_word' id='word_1_44' title='bbox 288 1156 365 1232; x_wconf 91' lang='lat' dir='ltr'>loci,</span> <span class='ocrx_word' id='word_1_45' title='bbox 394 1159 471 1220; x_wconf 89' lang='lat' dir='ltr'>tum</span> <span class='ocrx_word' id='word_1_46' title='bbox 494 1157 634 1238; x_wconf 90' lang='lat' dir='ltr'>propter</span> <span class='ocrx_word' id='word_1_47' title='bbox 656 1173 759 1237; x_wconf 86' lang='lat' dir='ltr'>rupes</span> <span class='ocrx_word' id='word_1_48' title='bbox 783 1157 819 1218; x_wconf 88' lang='lat' dir='ltr'>et</span> <span class='ocrx_word' id='word_1_49' title='bbox 841 1154 960 1232; x_wconf 86' lang='lat' dir='ltr'>valles,</span> <span class='ocrx_word' id='word_1_50' title='bbox 989 1175 1056 1238; x_wconf 90' lang='lat' dir='ltr'>qne</span> <span class='ocrx_word' id='word_1_51' title='bbox 1080 1155 1366 1239; x_wconf 75' lang='lat' dir='ltr'>impedimentum</span> 
     </span>
     <span class='ocr_line' id='line_1_8' title="bbox 191 1243 1366 1328; baseline 0.001 -21"><span class='ocrx_word' id='word_1_52' title='bbox 191 1245 403 1328; x_wconf 80' lang='lat' dir='ltr'>prestabant,</span> <span class='ocrx_word' id='word_1_53' title='bbox 426 1248 504 1307; x_wconf 92' lang='lat' dir='ltr'>tum</span> <span class='ocrx_word' id='word_1_54' title='bbox 526 1247 666 1327; x_wconf 89' lang='lat' dir='ltr'>propter</span> <span class='ocrx_word' id='word_1_55' title='bbox 689 1243 914 1306; x_wconf 79' lang='lat' dir='ltr'>fortissimam</span> <span class='ocrx_word' id='word_1_56' title='bbox 937 1243 1100 1326; x_wconf 86' lang='lat' dir='ltr'>pluviam.</span> <span class='ocrx_word' id='word_1_57' title='bbox 1146 1244 1286 1308; x_wconf 76' lang='lat' dir='ltr'>Etcum</span> <span class='ocrx_word' id='word_1_58' title='bbox 1306 1246 1366 1308; x_wconf 90' lang='lat' dir='ltr'>din</span> 
     </span>
     <span class='ocr_line' id='line_1_9' title="bbox 191 1329 1366 1416; baseline 0 -20"><span class='ocrx_word' id='word_1_59' title='bbox 191 1333 239 1396; x_wconf 91' lang='lat' dir='ltr'>ibi</span> <span class='ocrx_word' id='word_1_60' title='bbox 269 1333 457 1409; x_wconf 82' lang='lat' dir='ltr'>stetissent,</span> <span class='ocrx_word' id='word_1_61' title='bbox 493 1335 634 1416; x_wconf 88' lang='lat' dir='ltr'>propter</span> <span class='ocrx_word' id='word_1_62' title='bbox 663 1331 808 1394; x_wconf 88' lang='lat' dir='ltr'>nimium</span> <span class='ocrx_word' id='word_1_63' title='bbox 839 1329 992 1414; x_wconf 83' lang='lat' dir='ltr'>algorem</span> <span class='ocrx_word' id='word_1_64' title='bbox 1022 1333 1067 1396; x_wconf 89' lang='lat' dir='ltr'>ad</span> <span class='ocrx_word' id='word_1_65' title='bbox 1097 1336 1210 1396; x_wconf 88' lang='lat' dir='ltr'>castra</span> <span class='ocrx_word' id='word_1_66' title='bbox 1238 1335 1366 1398; x_wconf 85' lang='lat' dir='ltr'>reversi</span> 
     </span>
     <span class='ocr_line' id='line_1_10' title="bbox 191 1420 1365 1505; baseline -0.001 -19"><span class='ocrx_word' id='word_1_67' title='bbox 191 1425 282 1486; x_wconf 84' lang='lat' dir='ltr'>sunt</span> <span class='ocrx_word' id='word_1_68' title='bbox 329 1420 523 1505; x_wconf 88' lang='lat' dir='ltr'>Imperator</span> <span class='ocrx_word' id='word_1_69' title='bbox 545 1424 663 1484; x_wconf 91' lang='lat' dir='ltr'>autem</span> <span class='ocrx_word' id='word_1_70' title='bbox 686 1439 765 1483; x_wconf 85' lang='lat' dir='ltr'>cnm</span> <span class='ocrx_word' id='word_1_71' title='bbox 789 1421 941 1484; x_wconf 84' lang='lat' dir='ltr'>exercitu</span> <span class='ocrx_word' id='word_1_72' title='bbox 965 1440 1026 1484; x_wconf 91' lang='lat' dir='ltr'>suo</span> <span class='ocrx_word' id='word_1_73' title='bbox 1050 1421 1170 1484; x_wconf 89' lang='lat' dir='ltr'>statim</span> <span class='ocrx_word' id='word_1_74' title='bbox 1197 1422 1264 1486; x_wconf 86' lang='lat' dir='ltr'>iter</span> <span class='ocrx_word' id='word_1_75' title='bbox 1287 1423 1365 1486; x_wconf 87' lang='lat' dir='ltr'>arri·</span> 
     </span>
     <span class='ocr_line' id='line_1_11' title="bbox 191 1503 1366 1596; baseline 0 -22"><span class='ocrx_word' id='word_1_76' title='bbox 191 1511 278 1596; x_wconf 90' lang='lat' dir='ltr'>puit.</span> <span class='ocrx_word' id='word_1_77' title='bbox 326 1503 451 1588; x_wconf 74' lang='lat' dir='ltr'>Quodb</span> <span class='ocrx_word' id='word_1_78' title='bbox 486 1529 565 1573; x_wconf 91' lang='lat' dir='ltr'>oum</span> <span class='ocrx_word' id='word_1_79' title='bbox 594 1507 871 1574; x_wconf 88' lang='lat' dir='ltr'>Mediolanenses</span> <span class='ocrx_word' id='word_1_80' title='bbox 900 1509 1093 1587; x_wconf 78' lang='lat' dir='ltr'>viderent⁰,</span> <span class='ocrx_word' id='word_1_81' title='bbox 1125 1511 1366 1593; x_wconf 83' lang='lat' dir='ltr'>cogitaverunt</span> 
     </span>
    </p>
   </div>
   <div class='ocr_carea' id='block_1_3' title="bbox 468 1663 1090 1731">
    <p class='ocr_par' dir='ltr' id='par_1_3' title="bbox 468 1663 1090 1731">
     <span class='ocr_line' id='line_1_12' title="bbox 468 1663 1090 1731; baseline 0.006 -14"><span class='ocrx_word' id='word_1_82' title='bbox 468 1665 684 1731; x_wconf 69' lang='lat' dir='ltr'>Codayacili</span> <span class='ocrx_word' id='word_1_83' title='bbox 705 1663 872 1716; x_wconf 79' lang='lat' dir='ltr'>Libellus</span> <span class='ocrx_word' id='word_1_84' title='bbox 894 1666 1090 1722; x_wconf 77' lang='lat' dir='ltr'>tristitiae.</span> 
     </span>
    </p>
   </div>
   <div class='ocr_carea' id='block_1_4' title="bbox 190 1759 1465 3705">
    <p class='ocr_par' dir='ltr' id='par_1_4' title="bbox 190 1759 1465 3705">
     <span class='ocr_line' id='line_1_13' title="bbox 190 1759 1366 1842; baseline 0 -20"><span class='ocrx_word' id='word_1_85' title='bbox 190 1759 380 1824; x_wconf 91' lang='lat' dir='ltr'>Mediolani</span> <span class='ocrx_word' id='word_1_86' title='bbox 403 1759 440 1821; x_wconf 92' lang='lat' dir='ltr'>in</span> <span class='ocrx_word' id='word_1_87' title='bbox 463 1778 526 1822; x_wconf 85' lang='lat' dir='ltr'>sua</span> <span class='ocrx_word' id='word_1_88' title='bbox 540 1759 670 1822; x_wconf 85' lang='lat' dir='ltr'>virtute</span> <span class='ocrx_word' id='word_1_89' title='bbox 694 1761 729 1824; x_wconf 86' lang='lat' dir='ltr'>et</span> <span class='ocrx_word' id='word_1_90' title='bbox 752 1760 925 1842; x_wconf 86' lang='lat' dir='ltr'>potestate</span> <span class='ocrx_word' id='word_1_91' title='bbox 948 1759 1086 1823; x_wconf 88' lang='lat' dir='ltr'>habere.</span> <span class='ocrx_word' id='word_1_92' title='bbox 1133 1759 1225 1823; x_wconf 90' lang='lat' dir='ltr'>Dum</span> <span class='ocrx_word' id='word_1_93' title='bbox 1250 1763 1366 1824; x_wconf 89' lang='lat' dir='ltr'>antem</span> 
     </span>
     <span class='ocr_line' id='line_1_14' title="bbox 191 1847 1366 1933; baseline -0.001 -21"><span class='ocrx_word' id='word_1_94' title='bbox 191 1849 240 1912; x_wconf 89' lang='lat' dir='ltr'>sic</span> <span class='ocrx_word' id='word_1_95' title='bbox 264 1850 438 1912; x_wconf 81' lang='lat' dir='ltr'>certarent</span> <span class='ocrx_word' id='word_1_96' title='bbox 461 1851 497 1911; x_wconf 86' lang='lat' dir='ltr'>et</span> <span class='ocrx_word' id='word_1_97' title='bbox 520 1847 687 1930; x_wconf 92' lang='lat' dir='ltr'>populum</span> <span class='ocrx_word' id='word_1_98' title='bbox 709 1847 909 1929; x_wconf 84' lang='lat' dir='ltr'>gravissime</span> <span class='ocrx_word' id='word_1_99' title='bbox 933 1848 1151 1931; x_wconf 88' lang='lat' dir='ltr'>oprimerent,</span> <span class='ocrx_word' id='word_1_100' title='bbox 1179 1849 1366 1933; x_wconf 84' lang='lat' dir='ltr'>imperator</span> 
     </span>
     <span class='ocr_line' id='line_1_15' title="bbox 191 1934 1366 2020; baseline -0.003 -18"><span class='ocrx_word' id='word_1_101' title='bbox 191 1937 379 2002; x_wconf 89' lang='lat' dir='ltr'>ascendens</span> <span class='ocrx_word' id='word_1_102' title='bbox 408 1936 446 1998; x_wconf 92' lang='lat' dir='ltr'>in</span> <span class='ocrx_word' id='word_1_103' title='bbox 475 1937 624 2018; x_wconf 87' lang='lat' dir='ltr'>quodam</span> <span class='ocrx_word' id='word_1_104' title='bbox 654 1936 757 2020; x_wconf 91' lang='lat' dir='ltr'>podio</span> <span class='ocrx_word' id='word_1_105' title='bbox 788 1956 867 2000; x_wconf 92' lang='lat' dir='ltr'>cum</span> <span class='ocrx_word' id='word_1_106' title='bbox 891 1934 1050 2000; x_wconf 81' lang='lat' dir='ltr'>Gnidone</span> <span class='ocrx_word' id='word_1_107' title='bbox 1079 1937 1204 2001; x_wconf 82' lang='lat' dir='ltr'>comite</span> <span class='ocrx_word' id='word_1_108' title='bbox 1234 1939 1277 2001; x_wconf 88' lang='lat' dir='ltr'>dc</span> <span class='ocrx_word' id='word_1_109' title='bbox 1304 1937 1366 2000; x_wconf 86' lang='lat' dir='ltr'>Lo-</span> 
     </span>
     <span class='ocr_line' id='line_1_16' title="bbox 191 2023 1365 2108; baseline 0.001 -20"><span class='ocrx_word' id='word_1_110' title='bbox 191 2024 318 2090; x_wconf 87' lang='lat' dir='ltr'>mello1</span> <span class='ocrx_word' id='word_1_111' title='bbox 352 2028 387 2089; x_wconf 91' lang='lat' dir='ltr'>et</span> <span class='ocrx_word' id='word_1_112' title='bbox 422 2024 620 2090; x_wconf 85' lang='lat' dir='ltr'>marchione</span> <span class='ocrx_word' id='word_1_113' title='bbox 655 2025 697 2088; x_wconf 90' lang='lat' dir='ltr'>de</span> <span class='ocrx_word' id='word_1_114' title='bbox 728 2023 986 2089; x_wconf 83' lang='lat' dir='ltr'>Monte-ferato</span> <span class='ocrx_word' id='word_1_115' title='bbox 1019 2029 1054 2088; x_wconf 88' lang='lat' dir='ltr'>et</span> <span class='ocrx_word' id='word_1_116' title='bbox 1084 2045 1163 2089; x_wconf 90' lang='lat' dir='ltr'>oum</span> <span class='ocrx_word' id='word_1_117' title='bbox 1192 2024 1365 2108; x_wconf 91' lang='lat' dir='ltr'>aliquibus</span> 
     </span>
     <span class='ocr_line' id='line_1_17' title="bbox 191 2107 1365 2198; baseline -0.001 -21"><span class='ocrx_word' id='word_1_118' title='bbox 191 2113 403 2198; x_wconf 87' lang='lat' dir='ltr'>principibus</span> <span class='ocrx_word' id='word_1_119' title='bbox 428 2117 463 2177; x_wconf 88' lang='lat' dir='ltr'>et</span> <span class='ocrx_word' id='word_1_120' title='bbox 486 2107 646 2176; x_wconf 66' lang='lat' dir='ltr'>beronici</span> <span class='ocrx_word' id='word_1_121' title='bbox 673 2117 795 2176; x_wconf 80' lang='lat' dir='ltr'>causa⁰</span> <span class='ocrx_word' id='word_1_122' title='bbox 823 2112 953 2178; x_wconf 89' lang='lat' dir='ltr'>bellum</span> <span class='ocrx_word' id='word_1_123' title='bbox 977 2107 1152 2190; x_wconf 70' lang='lat' dir='ltr'>videndis,</span> <span class='ocrx_word' id='word_1_124' title='bbox 1185 2115 1277 2198; x_wconf 90' lang='lat' dir='ltr'>cepit</span> <span class='ocrx_word' id='word_1_125' title='bbox 1307 2113 1365 2176; x_wconf 91' lang='lat' dir='ltr'>im-</span> 
     </span>
     <span class='ocr_line' id='line_1_18' title="bbox 191 2197 1465 2286; baseline 0.002 -20"><span class='ocrx_word' id='word_1_126' title='bbox 191 2205 329 2286; x_wconf 87' lang='lat' dir='ltr'>perator</span> <span class='ocrx_word' id='word_1_127' title='bbox 356 2201 430 2266; x_wconf 91' lang='lat' dir='ltr'>alta</span> <span class='ocrx_word' id='word_1_128' title='bbox 452 2221 534 2265; x_wconf 87' lang='lat' dir='ltr'>voce</span> <span class='ocrx_word' id='word_1_129' title='bbox 565 2201 693 2266; x_wconf 89' lang='lat' dir='ltr'>dicere:</span> <span class='ocrx_word' id='word_1_130' title='bbox 727 2201 829 2266; x_wconf 79' lang='lat' dir='ltr'>‘Victi</span> <span class='ocrx_word' id='word_1_131' title='bbox 852 2206 888 2266; x_wconf 90' lang='lat' dir='ltr'>et</span> <span class='ocrx_word' id='word_1_132' title='bbox 908 2197 1075 2286; x_wconf 75' lang='lat' dir='ltr'>&#39;superati</span> <span class='ocrx_word' id='word_1_133' title='bbox 1099 2206 1181 2266; x_wconf 91' lang='lat' dir='ltr'>sunt</span> <span class='ocrx_word' id='word_1_134' title='bbox 1203 2202 1465 2274; x_wconf 67' lang='lat' dir='ltr'>Mediam-men.</span> 
     </span>
     <span class='ocr_line' id='line_1_19' title="bbox 190 2289 1365 2374; baseline -0.001 -20"><span class='ocrx_word' id='word_1_135' title='bbox 190 2310 328 2366; x_wconf 88' lang='lat' dir='ltr'>nenses,</span> <span class='ocrx_word' id='word_1_136' title='bbox 369 2293 405 2355; x_wconf 89' lang='lat' dir='ltr'>et</span> <span class='ocrx_word' id='word_1_137' title='bbox 443 2308 561 2354; x_wconf 86' lang='lat' dir='ltr'>omnes</span> <span class='ocrx_word' id='word_1_138' title='bbox 599 2289 711 2354; x_wconf 90' lang='lat' dir='ltr'>habeo</span> <span class='ocrx_word' id='word_1_139' title='bbox 748 2291 786 2353; x_wconf 93' lang='lat' dir='ltr'>in</span> <span class='ocrx_word' id='word_1_140' title='bbox 823 2310 901 2354; x_wconf 85' lang='lat' dir='ltr'>mea</span> <span class='ocrx_word' id='word_1_141' title='bbox 936 2294 1110 2374; x_wconf 84' lang='lat' dir='ltr'>potestate</span> <span class='ocrx_word' id='word_1_142' title='bbox 1145 2295 1180 2356; x_wconf 90' lang='lat' dir='ltr'>et</span> <span class='ocrx_word' id='word_1_143' title='bbox 1213 2291 1365 2356; x_wconf 88' lang='lat' dir='ltr'>virtute’.</span> 
     </span>
     <span class='ocr_line' id='line_1_20' title="bbox 191 2376 1366 2445; baseline 0.002 -3"><span class='ocrx_word' id='word_1_144' title='bbox 191 2379 348 2444; x_wconf 89' lang='lat' dir='ltr'>Domnns</span> <span class='ocrx_word' id='word_1_145' title='bbox 378 2381 496 2444; x_wconf 89' lang='lat' dir='ltr'>autem</span> <span class='ocrx_word' id='word_1_146' title='bbox 520 2376 634 2444; x_wconf 76' lang='lat' dir='ltr'>Guido</span> <span class='ocrx_word' id='word_1_147' title='bbox 663 2379 705 2444; x_wconf 93' lang='lat' dir='ltr'>de</span> <span class='ocrx_word' id='word_1_148' title='bbox 728 2379 885 2443; x_wconf 87' lang='lat' dir='ltr'>Lomello</span> <span class='ocrx_word' id='word_1_149' title='bbox 915 2383 951 2445; x_wconf 87' lang='lat' dir='ltr'>et</span> <span class='ocrx_word' id='word_1_150' title='bbox 979 2381 1133 2444; x_wconf 90' lang='lat' dir='ltr'>marchio</span> <span class='ocrx_word' id='word_1_151' title='bbox 1163 2381 1206 2444; x_wconf 88' lang='lat' dir='ltr'>dc</span> <span class='ocrx_word' id='word_1_152' title='bbox 1233 2380 1366 2445; x_wconf 89' lang='lat' dir='ltr'>Monte-</span> 
     </span>
     <span class='ocr_line' id='line_1_21' title="bbox 190 2467 1366 2551; baseline -0.001 -19"><span class='ocrx_word' id='word_1_153' title='bbox 190 2467 303 2534; x_wconf 82' lang='lat' dir='ltr'>ierato</span> <span class='ocrx_word' id='word_1_154' title='bbox 320 2467 482 2532; x_wconf 85' lang='lat' dir='ltr'>dixerunt</span> <span class='ocrx_word' id='word_1_155' title='bbox 497 2467 713 2551; x_wconf 86' lang='lat' dir='ltr'>imperatori:</span> <span class='ocrx_word' id='word_1_156' title='bbox 740 2467 907 2545; x_wconf 75' lang='lat' dir='ltr'>‘Domine</span> <span class='ocrx_word' id='word_1_157' title='bbox 932 2471 1112 2532; x_wconf 68' lang='lat' dir='ltr'>nundumg</span> <span class='ocrx_word' id='word_1_158' title='bbox 1129 2469 1264 2533; x_wconf 87' lang='lat' dir='ltr'>vidistis</span> <span class='ocrx_word' id='word_1_159' title='bbox 1280 2469 1366 2532; x_wconf 93' lang='lat' dir='ltr'>mili·</span> 
     </span>
     <span class='ocr_line' id='line_1_22' title="bbox 190 2555 1367 2641; baseline 0.002 -21"><span class='ocrx_word' id='word_1_160' title='bbox 190 2558 277 2622; x_wconf 89' lang='lat' dir='ltr'>tiam</span> <span class='ocrx_word' id='word_1_161' title='bbox 305 2555 522 2621; x_wconf 86' lang='lat' dir='ltr'>Mediolani&#39;.</span> <span class='ocrx_word' id='word_1_162' title='bbox 569 2555 615 2620; x_wconf 79' lang='lat' dir='ltr'>Et</span> <span class='ocrx_word' id='word_1_163' title='bbox 644 2557 831 2641; x_wconf 88' lang='lat' dir='ltr'>imperator</span> <span class='ocrx_word' id='word_1_164' title='bbox 861 2557 950 2622; x_wconf 89' lang='lat' dir='ltr'>irato</span> <span class='ocrx_word' id='word_1_165' title='bbox 981 2559 1095 2621; x_wconf 90' lang='lat' dir='ltr'>animo</span> <span class='ocrx_word' id='word_1_166' title='bbox 1127 2559 1215 2621; x_wconf 85' lang='lat' dir='ltr'>dixit</span> <span class='ocrx_word' id='word_1_167' title='bbox 1245 2561 1367 2622; x_wconf 87' lang='lat' dir='ltr'>contra</span> 
     </span>
     <span class='ocr_line' id='line_1_23' title="bbox 192 2645 1366 2728; baseline -0.001 -18"><span class='ocrx_word' id='word_1_168' title='bbox 192 2666 265 2710; x_wconf 86' lang='lat' dir='ltr'>eos:</span> <span class='ocrx_word' id='word_1_169' title='bbox 295 2645 430 2710; x_wconf 86' lang='lat' dir='ltr'>‘Nonne</span> <span class='ocrx_word' id='word_1_170' title='bbox 452 2645 554 2709; x_wconf 83' lang='lat' dir='ltr'>rideo</span> <span class='ocrx_word' id='word_1_171' title='bbox 577 2665 641 2728; x_wconf 87' lang='lat' dir='ltr'>ego</span> <span class='ocrx_word' id='word_1_172' title='bbox 665 2645 792 2710; x_wconf 86' lang='lat' dir='ltr'>milites</span> <span class='ocrx_word' id='word_1_173' title='bbox 815 2645 1006 2710; x_wconf 89' lang='lat' dir='ltr'>Mediolani</span> <span class='ocrx_word' id='word_1_174' title='bbox 1030 2647 1257 2722; x_wconf 85' lang='lat' dir='ltr'>disconfictos,</span> <span class='ocrx_word' id='word_1_175' title='bbox 1281 2667 1366 2710; x_wconf 92' lang='lat' dir='ltr'>mor·</span> 
     </span>
     <span class='ocr_line' id='line_1_24' title="bbox 191 2734 1367 2819; baseline 0.002 -22"><span class='ocrx_word' id='word_1_176' title='bbox 191 2738 270 2798; x_wconf 89' lang='lat' dir='ltr'>tuos</span> <span class='ocrx_word' id='word_1_177' title='bbox 301 2737 338 2799; x_wconf 92' lang='lat' dir='ltr'>et</span> <span class='ocrx_word' id='word_1_178' title='bbox 365 2734 565 2798; x_wconf 85' lang='lat' dir='ltr'>vulneratos</span> <span class='ocrx_word' id='word_1_179' title='bbox 600 2737 635 2798; x_wconf 90' lang='lat' dir='ltr'>et</span> <span class='ocrx_word' id='word_1_180' title='bbox 669 2735 809 2816; x_wconf 80' lang='lat' dir='ltr'>fugatos</span> <span class='ocrx_word' id='word_1_181' title='bbox 840 2737 875 2798; x_wconf 92' lang='lat' dir='ltr'>et</span> <span class='ocrx_word' id='word_1_182' title='bbox 906 2735 1075 2819; x_wconf 87' lang='lat' dir='ltr'>dispersos</span> <span class='ocrx_word' id='word_1_183' title='bbox 1109 2755 1170 2818; x_wconf 91' lang='lat' dir='ltr'>per</span> <span class='ocrx_word' id='word_1_184' title='bbox 1199 2735 1300 2799; x_wconf 83' lang='lat' dir='ltr'>villas</span> <span class='ocrx_word' id='word_1_185' title='bbox 1330 2740 1367 2799; x_wconf 86' lang='lat' dir='ltr'>et</span> 
     </span>
     <span class='ocr_line' id='line_1_25' title="bbox 193 2822 1366 2906; baseline 0.001 -20"><span class='ocrx_word' id='word_1_186' title='bbox 193 2843 330 2906; x_wconf 89' lang='lat' dir='ltr'>campos</span> <span class='ocrx_word' id='word_1_187' title='bbox 354 2826 389 2888; x_wconf 86' lang='lat' dir='ltr'>et</span> <span class='ocrx_word' id='word_1_188' title='bbox 412 2841 554 2887; x_wconf 87' lang='lat' dir='ltr'>nemora</span> <span class='ocrx_word' id='word_1_189' title='bbox 576 2826 612 2886; x_wconf 88' lang='lat' dir='ltr'>et</span> <span class='ocrx_word' id='word_1_190' title='bbox 635 2843 696 2906; x_wconf 92' lang='lat' dir='ltr'>per</span> <span class='ocrx_word' id='word_1_191' title='bbox 719 2822 796 2886; x_wconf 87' lang='lat' dir='ltr'>loca</span> <span class='ocrx_word' id='word_1_192' title='bbox 818 2823 978 2886; x_wconf 82' lang='lat' dir='ltr'>deserta?</span> <span class='ocrx_word' id='word_1_193' title='bbox 1024 2823 1070 2886; x_wconf 79' lang='lat' dir='ltr'>Mt</span> <span class='ocrx_word' id='word_1_194' title='bbox 1097 2822 1200 2886; x_wconf 89' lang='lat' dir='ltr'>multi</span> <span class='ocrx_word' id='word_1_195' title='bbox 1228 2825 1299 2888; x_wconf 91' lang='lat' dir='ltr'>iam</span> <span class='ocrx_word' id='word_1_196' title='bbox 1322 2824 1366 2887; x_wconf 90' lang='lat' dir='ltr'>ad</span> 
     </span>
     <span class='ocr_line' id='line_1_26' title="bbox 194 2910 1366 2995; baseline -0.001 -19"><span class='ocrx_word' id='word_1_197' title='bbox 194 2913 370 2976; x_wconf 85' lang='lat' dir='ltr'>civitatem</span> <span class='ocrx_word' id='word_1_198' title='bbox 398 2910 586 2994; x_wconf 73' lang='lat' dir='ltr'>fugerunt,</span> <span class='ocrx_word' id='word_1_199' title='bbox 617 2911 827 2994; x_wconf 91' lang='lat' dir='ltr'>increpando</span> <span class='ocrx_word' id='word_1_200' title='bbox 856 2914 891 2974; x_wconf 91' lang='lat' dir='ltr'>et</span> <span class='ocrx_word' id='word_1_201' title='bbox 918 2911 1146 2995; x_wconf 87' lang='lat' dir='ltr'>vituperando</span> <span class='ocrx_word' id='word_1_202' title='bbox 1176 2931 1243 2989; x_wconf 88' lang='lat' dir='ltr'>eos,</span> <span class='ocrx_word' id='word_1_203' title='bbox 1274 2912 1366 2995; x_wconf 89' lang='lat' dir='ltr'>ipsos</span> 
     </span>
     <span class='ocr_line' id='line_1_27' title="bbox 193 2998 1367 3083; baseline -0.003 -15"><span class='ocrx_word' id='word_1_204' title='bbox 193 3001 299 3068; x_wconf 87' lang='lat' dir='ltr'>etiam</span> <span class='ocrx_word' id='word_1_205' title='bbox 332 3005 512 3082; x_wconf 85' lang='lat' dir='ltr'>tamquam</span> <span class='ocrx_word' id='word_1_206' title='bbox 545 3003 722 3083; x_wconf 86' lang='lat' dir='ltr'>suspectos</span> <span class='ocrx_word' id='word_1_207' title='bbox 756 2998 898 3064; x_wconf 87' lang='lat' dir='ltr'>habens.</span> <span class='ocrx_word' id='word_1_208' title='bbox 955 2999 1110 3082; x_wconf 78' lang='lat' dir='ltr'>Cumque</span> <span class='ocrx_word' id='word_1_209' title='bbox 1144 2999 1231 3063; x_wconf 89' lang='lat' dir='ltr'>talia</span> <span class='ocrx_word' id='word_1_210' title='bbox 1261 3000 1367 3065; x_wconf 86' lang='lat' dir='ltr'>verba</span> 
     </span>
     <span class='ocr_line' id='line_1_28' title="bbox 193 3088 1366 3171; baseline -0.002 -17"><span class='ocrx_word' id='word_1_211' title='bbox 193 3091 357 3166; x_wconf 85' lang='lat' dir='ltr'>dicerent,</span> <span class='ocrx_word' id='word_1_212' title='bbox 395 3088 525 3153; x_wconf 86' lang='lat' dir='ltr'>milites</span> <span class='ocrx_word' id='word_1_213' title='bbox 555 3089 714 3165; x_wconf 88' lang='lat' dir='ltr'>seniores,</span> <span class='ocrx_word' id='word_1_214' title='bbox 745 3089 805 3171; x_wconf 89' lang='lat' dir='ltr'>qui</span> <span class='ocrx_word' id='word_1_215' title='bbox 835 3092 934 3152; x_wconf 90' lang='lat' dir='ltr'>erant</span> <span class='ocrx_word' id='word_1_216' title='bbox 963 3089 1000 3152; x_wconf 93' lang='lat' dir='ltr'>in</span> <span class='ocrx_word' id='word_1_217' title='bbox 1030 3089 1173 3166; x_wconf 92' lang='lat' dir='ltr'>insidiis,</span> <span class='ocrx_word' id='word_1_218' title='bbox 1206 3089 1366 3153; x_wconf 88' lang='lat' dir='ltr'>asclerati</span> 
     </span>
     <span class='ocr_line' id='line_1_29' title="bbox 193 3178 1366 3261; baseline -0.001 -19"><span class='ocrx_word' id='word_1_219' title='bbox 193 3179 423 3244; x_wconf 89' lang='lat' dir='ltr'>ascenderunt</span> <span class='ocrx_word' id='word_1_220' title='bbox 453 3197 555 3261; x_wconf 90' lang='lat' dir='ltr'>super</span> <span class='ocrx_word' id='word_1_221' title='bbox 584 3178 759 3260; x_wconf 87' lang='lat' dir='ltr'>quandam</span> <span class='ocrx_word' id='word_1_222' title='bbox 788 3181 918 3241; x_wconf 90' lang='lat' dir='ltr'>costam</span> <span class='ocrx_word' id='word_1_223' title='bbox 946 3181 982 3243; x_wconf 90' lang='lat' dir='ltr'>et</span> <span class='ocrx_word' id='word_1_224' title='bbox 1004 3178 1178 3261; x_wconf 86' lang='lat' dir='ltr'>gradatim</span> <span class='ocrx_word' id='word_1_225' title='bbox 1202 3182 1237 3243; x_wconf 90' lang='lat' dir='ltr'>et</span> <span class='ocrx_word' id='word_1_226' title='bbox 1260 3181 1366 3242; x_wconf 89' lang='lat' dir='ltr'>cater-</span> 
     </span>
     <span class='ocr_line' id='line_1_30' title="bbox 192 3259 1366 3351; baseline 0 -21"><span class='ocrx_word' id='word_1_227' title='bbox 192 3259 326 3332; x_wconf 86' lang='lat' dir='ltr'>vatimh</span> <span class='ocrx_word' id='word_1_228' title='bbox 360 3287 439 3330; x_wconf 92' lang='lat' dir='ltr'>cum</span> <span class='ocrx_word' id='word_1_229' title='bbox 467 3266 562 3330; x_wconf 87' lang='lat' dir='ltr'>tubis</span> <span class='ocrx_word' id='word_1_230' title='bbox 593 3269 628 3330; x_wconf 89' lang='lat' dir='ltr'>et</span> <span class='ocrx_word' id='word_1_231' title='bbox 657 3267 830 3350; x_wconf 82' lang='lat' dir='ltr'>tympanis</span> <span class='ocrx_word' id='word_1_232' title='bbox 864 3270 899 3331; x_wconf 92' lang='lat' dir='ltr'>et</span> <span class='ocrx_word' id='word_1_233' title='bbox 930 3287 1007 3330; x_wconf 89' lang='lat' dir='ltr'>cum</span> <span class='ocrx_word' id='word_1_234' title='bbox 1038 3266 1114 3330; x_wconf 88' lang='lat' dir='ltr'>aliis</span> <span class='ocrx_word' id='word_1_235' title='bbox 1145 3268 1251 3351; x_wconf 78' lang='lat' dir='ltr'>signis</span> <span class='ocrx_word' id='word_1_236' title='bbox 1281 3267 1366 3332; x_wconf 89' lang='lat' dir='ltr'>belli</span> 
     </span>
     <span class='ocr_line' id='line_1_31' title="bbox 192 3355 1366 3420; baseline -0.002 0"><span class='ocrx_word' id='word_1_237' title='bbox 192 3355 396 3420; x_wconf 86' lang='lat' dir='ltr'>sonantibus</span> <span class='ocrx_word' id='word_1_238' title='bbox 420 3359 456 3419; x_wconf 90' lang='lat' dir='ltr'>et</span> <span class='ocrx_word' id='word_1_239' title='bbox 474 3355 634 3418; x_wconf 91' lang='lat' dir='ltr'>omnibus</span> <span class='ocrx_word' id='word_1_240' title='bbox 649 3355 819 3420; x_wconf 90' lang='lat' dir='ltr'>militibus</span> <span class='ocrx_word' id='word_1_241' title='bbox 835 3355 1013 3420; x_wconf 88' lang='lat' dir='ltr'>Placentie</span> <span class='ocrx_word' id='word_1_242' title='bbox 1037 3359 1073 3420; x_wconf 93' lang='lat' dir='ltr'>et</span> <span class='ocrx_word' id='word_1_243' title='bbox 1090 3355 1204 3420; x_wconf 82' lang='lat' dir='ltr'>Brixie</span> <span class='ocrx_word' id='word_1_244' title='bbox 1228 3359 1264 3420; x_wconf 89' lang='lat' dir='ltr'>et</span> <span class='ocrx_word' id='word_1_245' title='bbox 1288 3375 1366 3418; x_wconf 88' lang='lat' dir='ltr'>cum</span> 
     </span>
     <span class='ocr_line' id='line_1_32' title="bbox 193 3443 1366 3528; baseline -0.002 -20"><span class='ocrx_word' id='word_1_246' title='bbox 193 3445 279 3520; x_wconf 86' lang='lat' dir='ltr'>aliis,</span> <span class='ocrx_word' id='word_1_247' title='bbox 312 3445 371 3527; x_wconf 89' lang='lat' dir='ltr'>qni</span> <span class='ocrx_word' id='word_1_248' title='bbox 394 3445 539 3528; x_wconf 88' lang='lat' dir='ltr'>dispersi</span> <span class='ocrx_word' id='word_1_249' title='bbox 562 3447 662 3508; x_wconf 90' lang='lat' dir='ltr'>erant</span> <span class='ocrx_word' id='word_1_250' title='bbox 684 3464 746 3528; x_wconf 89' lang='lat' dir='ltr'>per</span> <span class='ocrx_word' id='word_1_251' title='bbox 769 3464 916 3528; x_wconf 87' lang='lat' dir='ltr'>campos,</span> <span class='ocrx_word' id='word_1_252' title='bbox 948 3443 1102 3508; x_wconf 89' lang='lat' dir='ltr'>collectis</span> <span class='ocrx_word' id='word_1_253' title='bbox 1126 3445 1171 3508; x_wconf 91' lang='lat' dir='ltr'>ad</span> <span class='ocrx_word' id='word_1_254' title='bbox 1195 3444 1366 3508; x_wconf 79' lang='lat' dir='ltr'>carosium</span> 
     </span>
     <span class='ocr_line' id='line_1_33' title="bbox 192 3526 1365 3616; baseline 0.001 -21"><span class='ocrx_word' id='word_1_255' title='bbox 192 3554 310 3598; x_wconf 84' lang='lat' dir='ltr'>versus</span> <span class='ocrx_word' id='word_1_256' title='bbox 339 3534 582 3616; x_wconf 89' lang='lat' dir='ltr'>imperatorem</span> <span class='ocrx_word' id='word_1_257' title='bbox 613 3535 830 3616; x_wconf 84' lang='lat' dir='ltr'>perexerunt.</span> <span class='ocrx_word' id='word_1_258' title='bbox 888 3526 1035 3597; x_wconf 88' lang='lat' dir='ltr'>Vidensi</span> <span class='ocrx_word' id='word_1_259' title='bbox 1073 3536 1190 3598; x_wconf 90' lang='lat' dir='ltr'>autem</span> <span class='ocrx_word' id='word_1_260' title='bbox 1220 3553 1277 3597; x_wconf 90' lang='lat' dir='ltr'>ecs</span> <span class='ocrx_word' id='word_1_261' title='bbox 1307 3533 1365 3596; x_wconf 94' lang='lat' dir='ltr'>im-</span> 
     </span>
     <span class='ocr_line' id='line_1_34' title="bbox 192 3620 1366 3705; baseline 0 -19"><span class='ocrx_word' id='word_1_262' title='bbox 192 3625 330 3705; x_wconf 90' lang='lat' dir='ltr'>perator</span> <span class='ocrx_word' id='word_1_263' title='bbox 354 3624 389 3686; x_wconf 92' lang='lat' dir='ltr'>et</span> <span class='ocrx_word' id='word_1_264' title='bbox 412 3620 465 3686; x_wconf 91' lang='lat' dir='ltr'>illi</span> <span class='ocrx_word' id='word_1_265' title='bbox 489 3641 606 3686; x_wconf 86' lang='lat' dir='ltr'>omnes</span> <span class='ocrx_word' id='word_1_266' title='bbox 635 3623 694 3704; x_wconf 91' lang='lat' dir='ltr'>qui</span> <span class='ocrx_word' id='word_1_267' title='bbox 718 3642 796 3685; x_wconf 90' lang='lat' dir='ltr'>cum</span> <span class='ocrx_word' id='word_1_268' title='bbox 820 3641 860 3685; x_wconf 91' lang='lat' dir='ltr'>eo</span> <span class='ocrx_word' id='word_1_269' title='bbox 885 3625 993 3699; x_wconf 91' lang='lat' dir='ltr'>erant,</span> <span class='ocrx_word' id='word_1_270' title='bbox 1026 3625 1061 3686; x_wconf 90' lang='lat' dir='ltr'>et</span> <span class='ocrx_word' id='word_1_271' title='bbox 1092 3623 1240 3686; x_wconf 90' lang='lat' dir='ltr'>clamore</span> <span class='ocrx_word' id='word_1_272' title='bbox 1270 3621 1366 3686; x_wconf 81' lang='lat' dir='ltr'>facto</span> 
     </span>
    </p>
   </div>
   <div class='ocr_carea' id='block_1_5' title="bbox 192 3808 1367 3967">
    <p class='ocr_par' dir='ltr' id='par_1_5' title="bbox 192 3808 1367 3967">
     <span class='ocr_line' id='line_1_35' title="bbox 192 3808 1367 3864; baseline 0 -14"><span class='ocrx_word' id='word_1_273' title='bbox 192 3814 215 3859; x_wconf 78' lang='lat' dir='ltr'>a)</span> <span class='ocrx_word' id='word_1_274' title='bbox 227 3808 380 3854; x_wconf 76' lang='lat' dir='ltr'>solumodoA,</span> <span class='ocrx_word' id='word_1_275' title='bbox 421 3812 445 3859; x_wconf 89' lang='lat' dir='ltr'>b)</span> <span class='ocrx_word' id='word_1_276' title='bbox 459 3811 582 3860; x_wconf 54' lang='lat' dir='ltr'>amandato</span> <span class='ocrx_word' id='word_1_277' title='bbox 596 3809 677 3854; x_wconf 63' lang='lat' dir='ltr'>neda</span> <span class='ocrx_word' id='word_1_278' title='bbox 719 3814 740 3860; x_wconf 87' lang='lat' dir='ltr'>c)</span> <span class='ocrx_word' id='word_1_279' title='bbox 749 3809 858 3852; x_wconf 82' lang='lat' dir='ltr'>viderunt</span> <span class='ocrx_word' id='word_1_280' title='bbox 867 3813 893 3854; x_wconf 75' lang='lat' dir='ltr'>A.</span> <span class='ocrx_word' id='word_1_281' title='bbox 935 3810 959 3864; x_wconf 89' lang='grc'>(1)</span> <span class='ocrx_word' id='word_1_282' title='bbox 972 3814 1001 3860; x_wconf 77' lang='lat' dir='ltr'>⁶i·</span> <span class='ocrx_word' id='word_1_283' title='bbox 1009 3823 1079 3860; x_wconf 77' lang='lat' dir='ltr'>supra</span> <span class='ocrx_word' id='word_1_284' title='bbox 1089 3824 1114 3862; x_wconf 77' lang='lat' dir='ltr'>p.</span> <span class='ocrx_word' id='word_1_285' title='bbox 1122 3814 1156 3862; x_wconf 80' lang='lat'>41,</span> <span class='ocrx_word' id='word_1_286' title='bbox 1171 3824 1192 3854; x_wconf 81' lang='lat' dir='ltr'>a.</span> <span class='ocrx_word' id='word_1_287' title='bbox 1202 3824 1223 3861; x_wconf 78' lang='lat' dir='ltr'>g.</span> <span class='ocrx_word' id='word_1_288' title='bbox 1264 3813 1367 3860; x_wconf 85' lang='lat' dir='ltr'>e)sicP;</span> 
     </span>
     <span class='ocr_line' id='line_1_36' title="bbox 193 3863 1367 3916; baseline -0.001 -12"><span class='ocrx_word' id='word_1_289' title='bbox 193 3865 221 3904; x_wconf 80' lang='lat' dir='ltr'>cri</span> <span class='ocrx_word' id='word_1_290' title='bbox 236 3867 291 3913; x_wconf 81' lang='lat' dir='ltr'>(pro</span> <span class='ocrx_word' id='word_1_291' title='bbox 306 3863 341 3914; x_wconf 71' lang='lat' dir='ltr'>Ei)</span> <span class='ocrx_word' id='word_1_292' title='bbox 354 3866 381 3908; x_wconf 90' lang='grc' dir='ltr'>Β.</span> <span class='ocrx_word' id='word_1_293' title='bbox 434 3865 497 3912; x_wconf 68' lang='lat' dir='ltr'>nsit</span> <span class='ocrx_word' id='word_1_294' title='bbox 510 3865 541 3912; x_wconf 91' lang='lat' dir='ltr'>P,·</span> <span class='ocrx_word' id='word_1_295' title='bbox 563 3863 662 3904; x_wconf 83' lang='lat' dir='ltr'>nidendo</span> <span class='ocrx_word' id='word_1_296' title='bbox 675 3865 701 3907; x_wconf 90' lang='lat' dir='ltr'>B.</span> <span class='ocrx_word' id='word_1_297' title='bbox 755 3867 778 3914; x_wconf 75' lang='lat' dir='ltr'>g)</span> <span class='ocrx_word' id='word_1_298' title='bbox 791 3867 823 3904; x_wconf 87' lang='lat' dir='ltr'>sic</span> <span class='ocrx_word' id='word_1_299' title='bbox 836 3867 895 3907; x_wconf 88' lang='grc' dir='ltr'><strong><em>Β.Ρ.</em></strong></span> <span class='ocrx_word' id='word_1_300' title='bbox 950 3867 974 3912; x_wconf 87' lang='lat' dir='ltr'>h)</span> <span class='ocrx_word' id='word_1_301' title='bbox 989 3871 1012 3906; x_wconf 82' lang='grc'>11</span> <span class='ocrx_word' id='word_1_302' title='bbox 1026 3871 1068 3908; x_wconf 75' lang='lat' dir='ltr'>cat</span> <span class='ocrx_word' id='word_1_303' title='bbox 1082 3867 1180 3914; x_wconf 78' lang='lat' dir='ltr'>supplevi</span> <span class='ocrx_word' id='word_1_304' title='bbox 1193 3876 1220 3904; x_wconf 79' lang='lat' dir='ltr'>ea</span> <span class='ocrx_word' id='word_1_305' title='bbox 1232 3865 1258 3916; x_wconf 89' lang='lat' dir='ltr'>P,</span> <span class='ocrx_word' id='word_1_306' title='bbox 1277 3867 1321 3908; x_wconf 80' lang='lat' dir='ltr'>des.</span> <span class='ocrx_word' id='word_1_307' title='bbox 1335 3866 1367 3914; x_wconf 84' lang='lat' dir='ltr'>B,-</span> 
     </span>
     <span class='ocr_line' id='line_1_37' title="bbox 192 3917 976 3967; baseline 0.008 -11"><span class='ocrx_word' id='word_1_308' title='bbox 192 3919 249 3967; x_wconf 78' lang='lat' dir='ltr'>qucd</span> <span class='ocrx_word' id='word_1_309' title='bbox 264 3918 358 3967; x_wconf 62' lang='lat' dir='ltr'>Cariaca.</span> <span class='ocrx_word' id='word_1_310' title='bbox 372 3919 484 3967; x_wconf 69' lang='lat' dir='ltr'>scripsisse</span> <span class='ocrx_word' id='word_1_311' title='bbox 497 3918 552 3956; x_wconf 83' lang='lat' dir='ltr'>miti</span> <span class='ocrx_word' id='word_1_312' title='bbox 561 3928 693 3966; x_wconf 79' lang='lat' dir='ltr'>persuasum</span> <span class='ocrx_word' id='word_1_313' title='bbox 707 3923 744 3961; x_wconf 81' lang='grc'>111.</span> <span class='ocrx_word' id='word_1_314' title='bbox 797 3920 814 3967; x_wconf 90' lang='grc'>1)</span> <span class='ocrx_word' id='word_1_315' title='bbox 828 3917 937 3959; x_wconf 78' lang='lat' dir='ltr'>videntes</span> <span class='ocrx_word' id='word_1_316' title='bbox 951 3920 976 3962; x_wconf 88' lang='lat' dir='ltr'>P.</span> 
     </span>
    </p>
   </div>
   <div class='ocr_carea' id='block_1_6' title="bbox 192 4077 1366 4430">
    <p class='ocr_par' dir='ltr' id='par_1_6' title="bbox 192 4077 1366 4430">
     <span class='ocr_line' id='line_1_38' title="bbox 193 4077 1366 4146; baseline -0.001 -14"><span class='ocrx_word' id='word_1_317' title='bbox 193 4077 219 4142; x_wconf 92' lang='grc'>1)</span> <span class='ocrx_word' id='word_1_318' title='bbox 241 4077 306 4130; x_wconf 80' lang='lat' dir='ltr'>Vere</span> <span class='ocrx_word' id='word_1_319' title='bbox 323 4078 428 4144; x_wconf 81' lang='lat' dir='ltr'>quidem</span> <span class='ocrx_word' id='word_1_320' title='bbox 446 4084 509 4130; x_wconf 81' lang='lat' dir='ltr'>tanc</span> <span class='ocrx_word' id='word_1_321' title='bbox 526 4080 615 4130; x_wconf 74' lang='lat' dir='ltr'>extitit</span> <span class='ocrx_word' id='word_1_322' title='bbox 635 4079 723 4131; x_wconf 83' lang='lat' dir='ltr'>Gaicio</span> <span class='ocrx_word' id='word_1_323' title='bbox 741 4095 824 4132; x_wconf 84' lang='lat' dir='ltr'>comcs</span> <span class='ocrx_word' id='word_1_324' title='bbox 844 4080 875 4130; x_wconf 82' lang='lat' dir='ltr'>dc</span> <span class='ocrx_word' id='word_1_325' title='bbox 893 4079 1018 4143; x_wconf 77' lang='lat' dir='ltr'>Lamalle,</span> <span class='ocrx_word' id='word_1_326' title='bbox 1044 4085 1075 4130; x_wconf 87' lang='lat' dir='ltr'>at</span> <span class='ocrx_word' id='word_1_327' title='bbox 1097 4085 1199 4130; x_wconf 85' lang='lat' dir='ltr'>coastat</span> <span class='ocrx_word' id='word_1_328' title='bbox 1222 4094 1255 4130; x_wconf 82' lang='lat' dir='ltr'>ca·</span> <span class='ocrx_word' id='word_1_329' title='bbox 1278 4079 1366 4146; x_wconf 84' lang='lat' dir='ltr'>diplo-</span> 
     </span>
     <span class='ocr_line' id='line_1_39' title="bbox 192 4149 1363 4216; baseline 0.002 -17"><span class='ocrx_word' id='word_1_330' title='bbox 192 4155 261 4200; x_wconf 83' lang='lat' dir='ltr'>mate</span> <span class='ocrx_word' id='word_1_331' title='bbox 279 4149 417 4200; x_wconf 81' lang='lat' dir='ltr'>Fridsriai</span> <span class='ocrx_word' id='word_1_332' title='bbox 433 4149 457 4204; x_wconf 91' lang='lat' dir='ltr'>I.</span> <span class='ocrx_word' id='word_1_333' title='bbox 482 4151 554 4204; x_wconf 78' lang='grc'>(1.11.</span> <span class='ocrx_word' id='word_1_334' title='bbox 575 4151 653 4216; x_wconf 84' lang='lat'>1164,</span> <span class='ocrx_word' id='word_1_335' title='bbox 678 4150 731 4204; x_wconf 84' lang='lat' dir='ltr'>Iul.</span> <span class='ocrx_word' id='word_1_336' title='bbox 751 4153 786 4205; x_wconf 83' lang='grc'>25</span> <span class='ocrx_word' id='word_1_337' title='bbox 809 4150 863 4216; x_wconf 88' lang='lat' dir='ltr'>(St.</span> <span class='ocrx_word' id='word_1_338' title='bbox 881 4153 966 4215; x_wconf 81' lang='lat'>4022)</span> <span class='ocrx_word' id='word_1_339' title='bbox 992 4151 1056 4202; x_wconf 85' lang='lat' dir='ltr'>dato</span> <span class='ocrx_word' id='word_1_340' title='bbox 1081 4150 1216 4214; x_wconf 81' lang='lat' dir='ltr'>fratribus</span> <span class='ocrx_word' id='word_1_341' title='bbox 1235 4151 1363 4216; x_wconf 75' lang='lat' dir='ltr'>Gaidoai,</span> 
     </span>
     <span class='ocr_line' id='line_1_40' title="bbox 194 4220 1366 4288; baseline 0.002 -18"><span class='ocrx_word' id='word_1_342' title='bbox 194 4220 326 4284; x_wconf 75' lang='lat' dir='ltr'>Gaifredo</span> <span class='ocrx_word' id='word_1_343' title='bbox 343 4227 368 4272; x_wconf 88' lang='grc'>11</span> <span class='ocrx_word' id='word_1_344' title='bbox 385 4221 485 4286; x_wconf 76' lang='lat' dir='ltr'>Rufino</span> <span class='ocrx_word' id='word_1_345' title='bbox 503 4221 641 4273; x_wconf 77' lang='lat' dir='ltr'>comitibus</span> <span class='ocrx_word' id='word_1_346' title='bbox 663 4221 695 4272; x_wconf 83' lang='lat' dir='ltr'>da</span> <span class='ocrx_word' id='word_1_347' title='bbox 712 4222 838 4276; x_wconf 78' lang='lat' dir='ltr'>Lcnmlic.</span> <span class='ocrx_word' id='word_1_348' title='bbox 875 4222 927 4273; x_wconf 82' lang='lat' dir='ltr'>Sed</span> <span class='ocrx_word' id='word_1_349' title='bbox 951 4237 1026 4273; x_wconf 82' lang='lat' dir='ltr'>acmo</span> <span class='ocrx_word' id='word_1_350' title='bbox 1046 4228 1157 4288; x_wconf 77' lang='lat' dir='ltr'>practer</span> <span class='ocrx_word' id='word_1_351' title='bbox 1175 4222 1366 4286; x_wconf 72' lang='lat' dir='ltr'>Codaqaetlam</span> 
     </span>
     <span class='ocr_line' id='line_1_41' title="bbox 194 4292 1365 4359; baseline 0.003 -19"><span class='ocrx_word' id='word_1_352' title='bbox 194 4292 341 4342; x_wconf 78' lang='lat' dir='ltr'>Gaiclmrem</span> <span class='ocrx_word' id='word_1_353' title='bbox 359 4293 389 4342; x_wconf 87' lang='lat' dir='ltr'>ia</span> <span class='ocrx_word' id='word_1_354' title='bbox 404 4292 508 4359; x_wconf 84' lang='lat' dir='ltr'>proelio</span> <span class='ocrx_word' id='word_1_355' title='bbox 527 4292 692 4344; x_wconf 67' lang='lat' dir='ltr'>carcanensi</span> <span class='ocrx_word' id='word_1_356' title='bbox 709 4293 801 4356; x_wconf 74' lang='lat' dir='ltr'>fuisse,</span> <span class='ocrx_word' id='word_1_357' title='bbox 827 4308 908 4359; x_wconf 80' lang='lat' dir='ltr'>aequa</span> <span class='ocrx_word' id='word_1_358' title='bbox 932 4295 1039 4344; x_wconf 79' lang='lat' dir='ltr'>omnino</span> <span class='ocrx_word' id='word_1_359' title='bbox 1057 4293 1127 4344; x_wconf 80' lang='lat' dir='ltr'>tuac</span> <span class='ocrx_word' id='word_1_360' title='bbox 1144 4295 1174 4344; x_wconf 85' lang='lat' dir='ltr'>ia</span> <span class='ocrx_word' id='word_1_361' title='bbox 1193 4293 1268 4344; x_wconf 80' lang='lat' dir='ltr'>taliis</span> <span class='ocrx_word' id='word_1_362' title='bbox 1285 4293 1365 4344; x_wconf 87' lang='lat' dir='ltr'>Lom-</span> 
     </span>
     <span class='ocr_line' id='line_1_42' title="bbox 193 4361 1366 4430; baseline 0.002 -18"><span class='ocrx_word' id='word_1_363' title='bbox 193 4361 311 4413; x_wconf 84' lang='lat' dir='ltr'>bardiais</span> <span class='ocrx_word' id='word_1_364' title='bbox 328 4377 385 4413; x_wconf 85' lang='lat' dir='ltr'>rem</span> <span class='ocrx_word' id='word_1_365' title='bbox 402 4364 485 4428; x_wconf 74' lang='lat' dir='ltr'>ayissc</span> <span class='ocrx_word' id='word_1_366' title='bbox 496 4363 530 4414; x_wconf 82' lang='lat' dir='ltr'>ab</span> <span class='ocrx_word' id='word_1_367' title='bbox 542 4363 677 4414; x_wconf 79' lang='lat' dir='ltr'>alterutra</span> <span class='ocrx_word' id='word_1_368' title='bbox 692 4370 772 4430; x_wconf 84' lang='lat' dir='ltr'>parte</span> <span class='ocrx_word' id='word_1_369' title='bbox 784 4365 916 4414; x_wconf 83' lang='lat' dir='ltr'>traditam</span> <span class='ocrx_word' id='word_1_370' title='bbox 931 4370 975 4415; x_wconf 83' lang='lat' dir='ltr'>est.</span> <span class='ocrx_word' id='word_1_371' title='bbox 1006 4364 1210 4416; x_wconf 81' lang='lat' dir='ltr'>Memoraadam</span> <span class='ocrx_word' id='word_1_372' title='bbox 1221 4371 1259 4415; x_wconf 84' lang='lat' dir='ltr'>est</span> <span class='ocrx_word' id='word_1_373' title='bbox 1271 4365 1366 4414; x_wconf 76' lang='lat' dir='ltr'>Anac-</span> 
     </span>
    </p>
   </div>
   <div class='ocr_carea' id='block_1_7' title="bbox 192 4433 1366 4571">
    <p class='ocr_par' dir='ltr' id='par_1_7' title="bbox 192 4433 1366 4571">
     <span class='ocr_line' id='line_1_43' title="bbox 194 4433 1366 4516; baseline 0.003 -33"><span class='ocrx_word' id='word_1_374' title='bbox 194 4433 290 4516; x_wconf 75' lang='grc' dir='ltr'>11111111Ι</span> <span class='ocrx_word' id='word_1_375' title='bbox 302 4433 375 4486; x_wconf 83' lang='grc' dir='ltr'>Ρ111.</span> <span class='ocrx_word' id='word_1_376' title='bbox 391 4434 485 4484; x_wconf 85' lang='lat' dir='ltr'>Gibell.</span> <span class='ocrx_word' id='word_1_377' title='bbox 504 4434 599 4501; x_wconf 79' lang='lat' dir='ltr'>abiqm</span> <span class='ocrx_word' id='word_1_378' title='bbox 615 4435 744 4498; x_wconf 58' lang='lat' dir='ltr'>&amp;sifredi</span> <span class='ocrx_word' id='word_1_379' title='bbox 761 4436 863 4486; x_wconf 84' lang='lat' dir='ltr'>comitis</span> <span class='ocrx_word' id='word_1_380' title='bbox 881 4435 912 4486; x_wconf 85' lang='lat' dir='ltr'>de</span> <span class='ocrx_word' id='word_1_381' title='bbox 929 4435 1048 4488; x_wconf 83' lang='lat' dir='ltr'>Lamalle</span> <span class='ocrx_word' id='word_1_382' title='bbox 1065 4451 1158 4488; x_wconf 78' lang='lat' dir='ltr'>nomm</span> <span class='ocrx_word' id='word_1_383' title='bbox 1172 4451 1226 4502; x_wconf 83' lang='lat' dir='ltr'>pra</span> <span class='ocrx_word' id='word_1_384' title='bbox 1246 4435 1366 4486; x_wconf 70' lang='lat' dir='ltr'>Gaidcm</span> 
     </span>
     <span class='ocr_line' id='line_1_44' title="bbox 192 4519 337 4571; baseline 0.021 -18"><span class='ocrx_word' id='word_1_385' title='bbox 192 4519 337 4571; x_wconf 70' lang='lat' dir='ltr'>scripsisse.</span> 
     </span>
    </p>
   </div>
   <div class='ocr_carea' id='block_1_8' title="bbox 0 0 1669 5146">
    <p class='ocr_par' dir='ltr' id='par_1_8' title="bbox 0 0 1669 5146">
     <span class='ocr_line' id='line_1_45' title="bbox 0 0 1669 5146; baseline 0 0"><span class='ocrx_word' id='word_1_386' title='bbox 0 0 1669 5146; x_wconf 95' lang='lat' dir='ltr'> </span> 
     </span>
    </p>
   </div>
  </div>
 </body>
</html>
