<?xml version="1.0" encoding="UTF-8"?>
<!DOCTYPE html PUBLIC "-//W3C//DTD XHTML 1.0 Transitional//EN"
    "http://www.w3.org/TR/xhtml1/DTD/xhtml1-transitional.dtd">
<html xmlns="http://www.w3.org/1999/xhtml" xml:lang="en" lang="en">
 <head>
  <title>
</title>
<meta http-equiv="Content-Type" content="text/html;charset=utf-8" />
  <meta name='ocr-system' content='tesseract 3.04.00' />
  <meta name='ocr-capabilities' content='ocr_page ocr_carea ocr_par ocr_line ocrx_word'/>
</head>
<body>
  <div class='ocr_page' id='page_1' title='image "./gestafedericiii01holdgoog_0037.png"; bbox 0 0 3324 5146; ppageno 0'>
   <div class='ocr_carea' id='block_1_1' title="bbox 276 547 1350 611">
    <p class='ocr_par' dir='ltr' id='par_1_1' title="bbox 276 547 1350 611">
     <span class='ocr_line' id='line_1_1' title="bbox 276 547 1350 611; baseline 0.007 -7"><span class='ocrx_word' id='word_1_1' title='bbox 276 547 400 604; x_wconf 78' lang='lat' dir='ltr'>GESTA</span> <span class='ocrx_word' id='word_1_2' title='bbox 418 548 598 604; x_wconf 80' lang='lat' dir='ltr'><strong>FMDERIOI</strong></span> <span class='ocrx_word' id='word_1_3' title='bbox 615 549 638 605; x_wconf 93' lang='lat' dir='ltr'><strong>I.</strong></span> <span class='ocrx_word' id='word_1_4' title='bbox 658 549 924 606; x_wconf 80' lang='lat' dir='ltr'><strong>IMPERATORJS</strong></span> <span class='ocrx_word' id='word_1_5' title='bbox 942 549 985 606; x_wconf 85' lang='lat' dir='ltr'><strong>IN</strong></span> <span class='ocrx_word' id='word_1_6' title='bbox 1002 548 1242 610; x_wconf 86' lang='lat' dir='ltr'><strong>LOMBARDIA.</strong></span> <span class='ocrx_word' id='word_1_7' title='bbox 1315 559 1350 611; x_wconf 83' lang='lat'><strong>33</strong></span> 
     </span>
    </p>
   </div>
   <div class='ocr_carea' id='block_1_2' title="bbox 176 734 1446 1783">
    <p class='ocr_par' dir='ltr' id='par_1_2' title="bbox 176 734 1438 898">
     <span class='ocr_line' id='line_1_2' title="bbox 176 734 1438 822; baseline 0.009 -26"><span class='ocrx_word' id='word_1_8' title='bbox 176 736 286 798; x_wconf 89' lang='lat' dir='ltr'><strong>tatem</strong></span> <span class='ocrx_word' id='word_1_9' title='bbox 313 734 485 809; x_wconf 75' lang='lat' dir='ltr'><strong>intrasset,</strong></span> <span class='ocrx_word' id='word_1_10' title='bbox 509 734 656 798; x_wconf 87' lang='lat' dir='ltr'><strong>viriliter</strong></span> <span class='ocrx_word' id='word_1_11' title='bbox 678 735 883 798; x_wconf 90' lang='lat' dir='ltr'><strong>restiterunt</strong></span> <span class='ocrx_word' id='word_1_12' title='bbox 906 739 942 799; x_wconf 91' lang='lat' dir='ltr'><strong>et</strong></span> <span class='ocrx_word' id='word_1_13' title='bbox 963 737 1088 820; x_wconf 78' lang='lat' dir='ltr'><strong>ignem,</strong></span> <span class='ocrx_word' id='word_1_14' title='bbox 1120 739 1179 821; x_wconf 89' lang='lat' dir='ltr'><strong>qui</strong></span> <span class='ocrx_word' id='word_1_15' title='bbox 1209 742 1349 822; x_wconf 90' lang='lat' dir='ltr'><strong>pontem</strong></span> <span class='ocrx_word' id='word_1_16' title='bbox 1361 753 1438 808; x_wconf 77' lang='lat'>1158.</span> 
     </span>
     <span class='ocr_line' id='line_1_3' title="bbox 177 823 659 898; baseline -0.004 -12"><span class='ocrx_word' id='word_1_17' title='bbox 177 823 392 898; x_wconf 80' lang='lat' dir='ltr'><strong>accenderat,</strong></span> <span class='ocrx_word' id='word_1_18' title='bbox 415 823 659 886; x_wconf 86' lang='lat' dir='ltr'><strong>restinxerunt.</strong></span> 
     </span>
    </p>

    <p class='ocr_par' dir='ltr' id='par_1_3' title="bbox 178 911 1446 1783">
     <span class='ocr_line' id='line_1_4' title="bbox 285 911 1348 998; baseline 0.005 -25"><span class='ocrx_word' id='word_1_19' title='bbox 285 911 425 976; x_wconf 87' lang='lat' dir='ltr'><strong>Interea</strong></span> <span class='ocrx_word' id='word_1_20' title='bbox 454 911 607 988; x_wconf 80' lang='lat' dir='ltr'><strong>fuerunt,</strong></span> <span class='ocrx_word' id='word_1_21' title='bbox 639 913 697 994; x_wconf 91' lang='lat' dir='ltr'><strong>qui</strong></span> <span class='ocrx_word' id='word_1_22' title='bbox 725 911 948 994; x_wconf 81' lang='lat' dir='ltr'>loquerentur</span> <span class='ocrx_word' id='word_1_23' title='bbox 971 933 1012 978; x_wconf 89' lang='lat' dir='ltr'><strong>ea</strong></span> <span class='ocrx_word' id='word_1_24' title='bbox 1035 935 1100 996; x_wconf 90' lang='lat' dir='ltr'><strong>que</strong></span> <span class='ocrx_word' id='word_1_25' title='bbox 1123 915 1217 998; x_wconf 80' lang='lat' dir='ltr'>pacis</span> <span class='ocrx_word' id='word_1_26' title='bbox 1241 919 1348 993; x_wconf 79' lang='lat' dir='ltr'><strong>eraut,</strong></span> 
     </span>
     <span class='ocr_line' id='line_1_5' title="bbox 178 999 1350 1084; baseline 0.002 -21"><span class='ocrx_word' id='word_1_27' title='bbox 178 1003 214 1063; x_wconf 87' lang='lat' dir='ltr'><strong>et</strong></span> <span class='ocrx_word' id='word_1_28' title='bbox 236 999 332 1064; x_wconf 81' lang='lat' dir='ltr'><strong>iacta</strong></span> <span class='ocrx_word' id='word_1_29' title='bbox 355 1003 408 1064; x_wconf 90' lang='lat' dir='ltr'><strong>est</strong></span> <span class='ocrx_word' id='word_1_30' title='bbox 432 1001 613 1064; x_wconf 88' lang='lat' dir='ltr'><strong>concordia</strong></span> <span class='ocrx_word' id='word_1_31' title='bbox 635 1001 727 1065; x_wconf 85' lang='lat' dir='ltr'><strong>inter</strong></span> <span class='ocrx_word' id='word_1_32' title='bbox 749 1001 992 1084; x_wconf 69' lang='lat' dir='ltr'><strong>imperatorem</strong></span> <span class='ocrx_word' id='word_1_33' title='bbox 1015 1006 1050 1066; x_wconf 94' lang='lat' dir='ltr'><strong>et</strong></span> <span class='ocrx_word' id='word_1_34' title='bbox 1066 1003 1350 1068; x_wconf 81' lang='lat' dir='ltr'><strong>Mediolanenses.</strong></span> 
     </span>
     <span class='ocr_line' id='line_1_6' title="bbox 178 1087 1352 1172; baseline 0.004 -22"><span class='ocrx_word' id='word_1_35' title='bbox 178 1087 270 1152; x_wconf 82' lang='lat' dir='ltr'><strong>Talis</strong></span> <span class='ocrx_word' id='word_1_36' title='bbox 295 1091 348 1153; x_wconf 90' lang='lat' dir='ltr'><strong>est</strong></span> <span class='ocrx_word' id='word_1_37' title='bbox 371 1089 589 1152; x_wconf 81' lang='lat' dir='ltr'><strong>concordia1:</strong></span> <span class='ocrx_word' id='word_1_38' title='bbox 621 1090 714 1172; x_wconf 93' lang='lat' dir='ltr'><strong>quod</strong></span> <span class='ocrx_word' id='word_1_39' title='bbox 741 1090 863 1154; x_wconf 89' lang='lat' dir='ltr'><strong>civitas</strong></span> <span class='ocrx_word' id='word_1_40' title='bbox 893 1094 929 1154; x_wconf 90' lang='lat' dir='ltr'><strong>et</strong></span> <span class='ocrx_word' id='word_1_41' title='bbox 958 1091 1089 1154; x_wconf 75' lang='lat' dir='ltr'><strong>fossata</strong></span> <span class='ocrx_word' id='word_1_42' title='bbox 1111 1093 1148 1154; x_wconf 90' lang='lat' dir='ltr'><strong>in</strong></span> <span class='ocrx_word' id='word_1_43' title='bbox 1172 1113 1233 1156; x_wconf 90' lang='lat' dir='ltr'><strong>suo</strong></span> <span class='ocrx_word' id='word_1_44' title='bbox 1257 1096 1352 1156; x_wconf 90' lang='lat' dir='ltr'><strong>statu</strong></span> 
     </span>
     <span class='ocr_line' id='line_1_7' title="bbox 178 1177 1352 1265; baseline 0.001 -23"><span class='ocrx_word' id='word_1_45' title='bbox 178 1197 394 1260; x_wconf 87' lang='lat' dir='ltr'><strong>perseverare</strong></span> <span class='ocrx_word' id='word_1_46' title='bbox 419 1177 601 1242; x_wconf 88' lang='lat' dir='ltr'><strong>debebant.</strong></span> <span class='ocrx_word' id='word_1_47' title='bbox 647 1178 694 1241; x_wconf 81' lang='lat' dir='ltr'><strong>Et</strong></span> <span class='ocrx_word' id='word_1_48' title='bbox 716 1179 903 1262; x_wconf 85' lang='lat' dir='ltr'><strong>imperator</strong></span> <span class='ocrx_word' id='word_1_49' title='bbox 926 1179 1076 1244; x_wconf 89' lang='lat' dir='ltr'><strong>debebat</strong></span> <span class='ocrx_word' id='word_1_50' title='bbox 1100 1180 1227 1244; x_wconf 90' lang='lat' dir='ltr'><strong>habere</strong></span> <span class='ocrx_word' id='word_1_51' title='bbox 1251 1199 1352 1265; x_wconf 89' lang='lat' dir='ltr'><strong>super</strong></span> 
     </span>
     <span class='ocr_line' id='line_1_8' title="bbox 179 1266 1353 1349; baseline 0.002 -20"><span class='ocrx_word' id='word_1_52' title='bbox 179 1266 331 1349; x_wconf 86' lang='lat' dir='ltr'><strong>personis</strong></span> <span class='ocrx_word' id='word_1_53' title='bbox 356 1266 515 1330; x_wconf 84' lang='lat' dir='ltr'><strong>atrebas</strong></span> <span class='ocrx_word' id='word_1_54' title='bbox 539 1287 657 1330; x_wconf 87' lang='lat' dir='ltr'><strong>eorum</strong></span> <span class='ocrx_word' id='word_1_55' title='bbox 680 1287 746 1349; x_wconf 89' lang='lat' dir='ltr'><strong>que</strong></span> <span class='ocrx_word' id='word_1_56' title='bbox 771 1272 995 1332; x_wconf 87' lang='lat' dir='ltr'><strong>consueverat</strong></span> <span class='ocrx_word' id='word_1_57' title='bbox 1018 1269 1145 1333; x_wconf 88' lang='lat' dir='ltr'><strong>habere</strong></span> <span class='ocrx_word' id='word_1_58' title='bbox 1169 1289 1190 1332; x_wconf 90' lang='lat' dir='ltr'><strong>a</strong></span> <span class='ocrx_word' id='word_1_59' title='bbox 1213 1273 1353 1334; x_wconf 89' lang='lat' dir='ltr'><strong>centum</strong></span> 
     </span>
     <span class='ocr_line' id='line_1_9' title="bbox 179 1354 1352 1422; baseline 0.002 -4"><span class='ocrx_word' id='word_1_60' title='bbox 179 1355 278 1418; x_wconf 91' lang='lat' dir='ltr'><strong>annis</strong></span> <span class='ocrx_word' id='word_1_61' title='bbox 300 1358 403 1418; x_wconf 89' lang='lat' dir='ltr'><strong>retro.</strong></span> <span class='ocrx_word' id='word_1_62' title='bbox 450 1354 496 1417; x_wconf 79' lang='lat' dir='ltr'><strong>Et</strong></span> <span class='ocrx_word' id='word_1_63' title='bbox 527 1356 568 1418; x_wconf 91' lang='lat' dir='ltr'><strong>de</strong></span> <span class='ocrx_word' id='word_1_64' title='bbox 599 1357 664 1418; x_wconf 93' lang='lat' dir='ltr'><strong>hoc</strong></span> <span class='ocrx_word' id='word_1_65' title='bbox 690 1356 762 1418; x_wconf 87' lang='lat' dir='ltr'><strong>dati</strong></span> <span class='ocrx_word' id='word_1_66' title='bbox 786 1360 869 1420; x_wconf 87' lang='lat' dir='ltr'><strong>suut</strong></span> <span class='ocrx_word' id='word_1_67' title='bbox 890 1357 1038 1421; x_wconf 77' lang='lat' dir='ltr'><strong>trecenti</strong></span> <span class='ocrx_word' id='word_1_68' title='bbox 1061 1357 1197 1422; x_wconf 90' lang='lat' dir='ltr'><strong>obsides</strong></span> <span class='ocrx_word' id='word_1_69' title='bbox 1221 1359 1264 1422; x_wconf 89' lang='lat' dir='ltr'><strong>de</strong></span> <span class='ocrx_word' id='word_1_70' title='bbox 1287 1377 1352 1420; x_wconf 90' lang='lat' dir='ltr'><strong>me-</strong></span> 
     </span>
     <span class='ocr_line' id='line_1_10' title="bbox 178 1443 1354 1530; baseline 0.003 -24"><span class='ocrx_word' id='word_1_71' title='bbox 178 1443 322 1507; x_wconf 89' lang='lat' dir='ltr'><strong>lioribus</strong></span> <span class='ocrx_word' id='word_1_72' title='bbox 353 1447 388 1508; x_wconf 86' lang='lat' dir='ltr'><strong>et</strong></span> <span class='ocrx_word' id='word_1_73' title='bbox 417 1443 643 1507; x_wconf 85' lang='lat' dir='ltr'><strong>nobilioribus</strong></span> <span class='ocrx_word' id='word_1_74' title='bbox 673 1444 768 1508; x_wconf 87' lang='lat' dir='ltr'><strong>urbis</strong></span> <span class='ocrx_word' id='word_1_75' title='bbox 800 1446 1024 1510; x_wconf 88' lang='lat' dir='ltr'><strong>aduodeoim</strong></span> <span class='ocrx_word' id='word_1_76' title='bbox 1056 1447 1155 1510; x_wconf 89' lang='lat' dir='ltr'><strong>annis</strong></span> <span class='ocrx_word' id='word_1_77' title='bbox 1186 1467 1289 1530; x_wconf 91' lang='lat' dir='ltr'><strong>supra</strong></span> <span class='ocrx_word' id='word_1_78' title='bbox 1318 1449 1354 1510; x_wconf 90' lang='lat' dir='ltr'><strong>et</strong></span> 
     </span>
     <span class='ocr_line' id='line_1_11' title="bbox 179 1532 1353 1615; baseline 0.001 -20"><span class='ocrx_word' id='word_1_79' title='bbox 179 1533 304 1615; x_wconf 85' lang='lat' dir='ltr'><strong>viginti</strong></span> <span class='ocrx_word' id='word_1_80' title='bbox 326 1532 429 1596; x_wconf 86' lang='lat' dir='ltr'><strong>infra.</strong></span> <span class='ocrx_word' id='word_1_81' title='bbox 475 1532 521 1595; x_wconf 79' lang='lat' dir='ltr'><strong>nt</strong></span> <span class='ocrx_word' id='word_1_82' title='bbox 544 1553 615 1596; x_wconf 92' lang='lat' dir='ltr'><strong>non</strong></span> <span class='ocrx_word' id='word_1_83' title='bbox 638 1533 788 1597; x_wconf 80' lang='lat' dir='ltr'><strong>debebat</strong></span> <span class='ocrx_word' id='word_1_84' title='bbox 811 1534 937 1596; x_wconf 89' lang='lat' dir='ltr'><strong>morari</strong></span> <span class='ocrx_word' id='word_1_85' title='bbox 960 1535 1105 1598; x_wconf 90' lang='lat' dir='ltr'><strong>interra</strong></span> <span class='ocrx_word' id='word_1_86' title='bbox 1120 1535 1353 1598; x_wconf 86' lang='lat' dir='ltr'><strong>Mediolanen-</strong></span> 
     </span>
     <span class='ocr_line' id='line_1_12' title="bbox 180 1621 1446 1708; baseline 0.002 -24"><span class='ocrx_word' id='word_1_87' title='bbox 180 1621 268 1684; x_wconf 88' lang='lat' dir='ltr'><strong>sium</strong></span> <span class='ocrx_word' id='word_1_88' title='bbox 291 1621 385 1684; x_wconf 90' lang='lat' dir='ltr'><strong>ultra</strong></span> <span class='ocrx_word' id='word_1_89' title='bbox 406 1625 477 1684; x_wconf 89' lang='lat' dir='ltr'><strong>tres</strong></span> <span class='ocrx_word' id='word_1_90' title='bbox 501 1621 605 1685; x_wconf 63' lang='lat' dir='ltr'><strong>diesi.</strong></span> <span class='ocrx_word' id='word_1_91' title='bbox 653 1621 807 1705; x_wconf 83' lang='lat' dir='ltr'><strong>Septima</strong></span> <span class='ocrx_word' id='word_1_92' title='bbox 830 1641 911 1704; x_wconf 88' lang='lat' dir='ltr'><strong>ergo</strong></span> <span class='ocrx_word' id='word_1_93' title='bbox 928 1623 983 1687; x_wconf 89' lang='lat' dir='ltr'><strong>die</strong></span> <span class='ocrx_word' id='word_1_94' title='bbox 999 1623 1125 1687; x_wconf 86' lang='lat' dir='ltr'><strong>mensis</strong></span> <span class='ocrx_word' id='word_1_95' title='bbox 1143 1623 1353 1708; x_wconf 81' lang='lat' dir='ltr'><strong>Septembris</strong></span> <span class='ocrx_word' id='word_1_96' title='bbox 1364 1645 1418 1694; x_wconf 64' lang='lat' dir='ltr'><strong>aar.</strong></span> <span class='ocrx_word' id='word_1_97' title='bbox 1428 1647 1446 1686; x_wconf 81' lang='lat' dir='ltr'><strong>r.</strong></span> 
     </span>
     <span class='ocr_line' id='line_1_13' title="bbox 179 1709 1446 1783; baseline 0.003 -11"><span class='ocrx_word' id='word_1_98' title='bbox 179 1711 244 1774; x_wconf 88' lang='lat' dir='ltr'><strong>heo</strong></span> <span class='ocrx_word' id='word_1_99' title='bbox 276 1710 459 1774; x_wconf 86' lang='lat' dir='ltr'><strong>concordia</strong></span> <span class='ocrx_word' id='word_1_100' title='bbox 487 1709 604 1773; x_wconf 70' lang='lat' dir='ltr'><strong>factal</strong></span> <span class='ocrx_word' id='word_1_101' title='bbox 637 1710 717 1774; x_wconf 87' lang='lat' dir='ltr'><strong>fuit.</strong></span> <span class='ocrx_word' id='word_1_102' title='bbox 773 1711 820 1774; x_wconf 80' lang='lat' dir='ltr'><strong>nt</strong></span> <span class='ocrx_word' id='word_1_103' title='bbox 855 1711 966 1776; x_wconf 87' lang='lat' dir='ltr'><strong>altera</strong></span> <span class='ocrx_word' id='word_1_104' title='bbox 999 1713 1054 1776; x_wconf 90' lang='lat' dir='ltr'><strong>die</strong></span> <span class='ocrx_word' id='word_1_105' title='bbox 1089 1713 1126 1774; x_wconf 90' lang='lat' dir='ltr'><strong>in</strong></span> <span class='ocrx_word' id='word_1_106' title='bbox 1160 1711 1352 1776; x_wconf 86' lang='lat' dir='ltr'><strong>festivitate</strong></span> <span class='ocrx_word' id='word_1_107' title='bbox 1364 1735 1419 1783; x_wconf 63' lang='lat' dir='ltr'><strong>sepe.</strong></span> <span class='ocrx_word' id='word_1_108' title='bbox 1427 1735 1446 1776; x_wconf 79' lang='lat' dir='ltr'><strong>s.</strong></span> 
     </span>
    </p>
   </div>
   <div class='ocr_carea' id='block_1_3' title="bbox 457 1865 1074 1932">
    <p class='ocr_par' dir='ltr' id='par_1_4' title="bbox 457 1865 1074 1932">
     <span class='ocr_line' id='line_1_14' title="bbox 457 1865 1074 1932; baseline 0.005 -14"><span class='ocrx_word' id='word_1_109' title='bbox 457 1865 671 1932; x_wconf 72' lang='lat' dir='ltr'><strong>Godayuelli</strong></span> <span class='ocrx_word' id='word_1_110' title='bbox 691 1866 858 1919; x_wconf 79' lang='lat' dir='ltr'><strong>Libellus</strong></span> <span class='ocrx_word' id='word_1_111' title='bbox 881 1869 1074 1921; x_wconf 77' lang='lat' dir='ltr'><strong>tristitiae.</strong></span> 
     </span>
    </p>
   </div>
   <div class='ocr_carea' id='block_1_4' title="bbox 181 1959 1355 2132">
    <p class='ocr_par' dir='ltr' id='par_1_5' title="bbox 181 1959 1355 2132">
     <span class='ocr_line' id='line_1_15' title="bbox 181 1959 1353 2044; baseline 0.002 -22"><span class='ocrx_word' id='word_1_112' title='bbox 181 1959 297 2022; x_wconf 90' lang='lat' dir='ltr'><strong>conati</strong></span> <span class='ocrx_word' id='word_1_113' title='bbox 320 1961 402 2022; x_wconf 90' lang='lat' dir='ltr'><strong>sunt</strong></span> <span class='ocrx_word' id='word_1_114' title='bbox 424 1959 554 2024; x_wconf 88' lang='lat' dir='ltr'><strong>intrare</strong></span> <span class='ocrx_word' id='word_1_115' title='bbox 578 1960 770 2037; x_wconf 64' lang='lat' dir='ltr'><strong>civitatem</strong></span> <span class='ocrx_word' id='word_1_116' title='bbox 796 1981 899 2042; x_wconf 89' lang='lat' dir='ltr'><strong>quem</strong></span> <span class='ocrx_word' id='word_1_117' title='bbox 922 1964 1062 2044; x_wconf 86' lang='lat' dir='ltr'><strong>pontem</strong></span> <span class='ocrx_word' id='word_1_118' title='bbox 1078 1960 1353 2025; x_wconf 83' lang='lat' dir='ltr'><strong>Mediolanenses</strong></span> 
     </span>
     <span class='ocr_line' id='line_1_16' title="bbox 182 2047 1355 2132; baseline 0.001 -21"><span class='ocrx_word' id='word_1_119' title='bbox 182 2047 414 2111; x_wconf 80' lang='lat' dir='ltr'><strong>conbuserunt</strong></span> <span class='ocrx_word' id='word_1_120' title='bbox 437 2053 473 2113; x_wconf 89' lang='lat' dir='ltr'><strong>et</strong></span> <span class='ocrx_word' id='word_1_121' title='bbox 496 2048 715 2132; x_wconf 80' lang='lat' dir='ltr'><strong>quamplures</strong></span> <span class='ocrx_word' id='word_1_122' title='bbox 731 2050 768 2112; x_wconf 93' lang='lat' dir='ltr'><strong>in</strong></span> <span class='ocrx_word' id='word_1_123' title='bbox 784 2050 925 2113; x_wconf 80' lang='lat' dir='ltr'><strong>civitate</strong></span> <span class='ocrx_word' id='word_1_124' title='bbox 942 2049 1156 2127; x_wconf 87' lang='lat' dir='ltr'><strong>clauserunt;</strong></span> <span class='ocrx_word' id='word_1_125' title='bbox 1182 2053 1217 2114; x_wconf 93' lang='lat' dir='ltr'><strong>et</strong></span> <span class='ocrx_word' id='word_1_126' title='bbox 1233 2049 1355 2112; x_wconf 80' lang='lat' dir='ltr'><strong>multi³</strong></span> 
     </span>
    </p>
   </div>
   <div class='ocr_carea' id='block_1_5' title="bbox 181 2136 1356 2288">
    <p class='ocr_par' dir='ltr' id='par_1_6' title="bbox 181 2136 1356 2288">
     <span class='ocr_line' id='line_1_17' title="bbox 181 2136 1356 2219; baseline 0.004 -21"><span class='ocrx_word' id='word_1_127' title='bbox 181 2137 217 2198; x_wconf 90' lang='lat' dir='ltr'><strong>in</strong></span> <span class='ocrx_word' id='word_1_128' title='bbox 240 2136 371 2200; x_wconf 74' lang='lat' dir='ltr'><strong>fossato</strong></span> <span class='ocrx_word' id='word_1_129' title='bbox 398 2138 513 2201; x_wconf 74' lang='lat' dir='ltr'><strong>necati</strong></span> <span class='ocrx_word' id='word_1_130' title='bbox 542 2141 632 2215; x_wconf 81' lang='lat' dir='ltr'><strong>sunt,</strong></span> <span class='ocrx_word' id='word_1_131' title='bbox 665 2153 699 2204; x_wconf 88' lang='lat' dir='ltr'><strong>et</strong></span> <span class='ocrx_word' id='word_1_132' title='bbox 724 2149 835 2218; x_wconf 87' lang='lat' dir='ltr'><strong>quidam</strong></span> <span class='ocrx_word' id='word_1_133' title='bbox 861 2151 965 2218; x_wconf 87' lang='lat' dir='ltr'><strong>opressi</strong></span> <span class='ocrx_word' id='word_1_134' title='bbox 983 2167 999 2204; x_wconf 86' lang='lat' dir='ltr'><strong>a</strong></span> <span class='ocrx_word' id='word_1_135' title='bbox 1017 2151 1106 2219; x_wconf 86' lang='lat' dir='ltr'><strong>turba,</strong></span> <span class='ocrx_word' id='word_1_136' title='bbox 1133 2167 1196 2205; x_wconf 90' lang='lat' dir='ltr'><strong>cum</strong></span> <span class='ocrx_word' id='word_1_137' title='bbox 1221 2151 1356 2204; x_wconf 88' lang='lat' dir='ltr'><strong>intrarent</strong></span> 
     </span>
     <span class='ocr_line' id='line_1_18' title="bbox 181 2220 508 2288; baseline 0.009 -17"><span class='ocrx_word' id='word_1_138' title='bbox 181 2223 298 2288; x_wconf 86' lang='lat' dir='ltr'><strong>portam,</strong></span> <span class='ocrx_word' id='word_1_139' title='bbox 316 2220 419 2273; x_wconf 88' lang='lat' dir='ltr'><strong>mortui</strong></span> <span class='ocrx_word' id='word_1_140' title='bbox 437 2225 508 2276; x_wconf 89' lang='lat' dir='ltr'><strong>sunt.</strong></span> 
     </span>
    </p>
   </div>
   <div class='ocr_carea' id='block_1_6' title="bbox 290 2295 1409 2380">
    <p class='ocr_par' dir='ltr' id='par_1_7' title="bbox 290 2295 1409 2380">
     <span class='ocr_line' id='line_1_19' title="bbox 290 2295 1409 2380; baseline -0.002 -20"><span class='ocrx_word' id='word_1_141' title='bbox 290 2295 443 2380; x_wconf 85' lang='lat' dir='ltr'><strong>Oumque</strong></span> <span class='ocrx_word' id='word_1_142' title='bbox 472 2297 659 2380; x_wconf 89' lang='lat' dir='ltr'><strong>imperator</strong></span> <span class='ocrx_word' id='word_1_143' title='bbox 687 2298 830 2362; x_wconf 86' lang='lat' dir='ltr'><strong>vidisset</strong></span> <span class='ocrx_word' id='word_1_144' title='bbox 860 2298 1037 2362; x_wconf 87' lang='lat' dir='ltr'><strong>civitatem</strong></span> <span class='ocrx_word' id='word_1_145' title='bbox 1069 2299 1135 2360; x_wconf 93' lang='lat' dir='ltr'><strong>hoc</strong></span> <span class='ocrx_word' id='word_1_146' title='bbox 1164 2299 1266 2361; x_wconf 88' lang='lat' dir='ltr'><strong>modo</strong></span> <span class='ocrx_word' id='word_1_147' title='bbox 1287 2317 1409 2380; x_wconf 72' lang='lat' dir='ltr'><strong>perus)</strong></span> 
     </span>
    </p>
   </div>
   <div class='ocr_carea' id='block_1_7' title="bbox 182 2385 1355 2470">
    <p class='ocr_par' dir='ltr' id='par_1_8' title="bbox 182 2385 1355 2470">
     <span class='ocr_line' id='line_1_20' title="bbox 182 2385 1355 2470; baseline 0.002 -22"><span class='ocrx_word' id='word_1_148' title='bbox 182 2387 252 2448; x_wconf 84' lang='lat' dir='ltr'><strong>vim</strong></span> <span class='ocrx_word' id='word_1_149' title='bbox 274 2385 372 2448; x_wconf 94' lang='lat' dir='ltr'><strong>nullo</strong></span> <span class='ocrx_word' id='word_1_150' title='bbox 396 2386 497 2448; x_wconf 89' lang='lat' dir='ltr'><strong>modo</strong></span> <span class='ocrx_word' id='word_1_151' title='bbox 521 2386 648 2450; x_wconf 88' lang='lat' dir='ltr'><strong>habere</strong></span> <span class='ocrx_word' id='word_1_152' title='bbox 671 2404 735 2450; x_wconf 90' lang='lat' dir='ltr'><strong>uec</strong></span> <span class='ocrx_word' id='word_1_153' title='bbox 759 2407 920 2470; x_wconf 88' lang='lat' dir='ltr'><strong>superare</strong></span> <span class='ocrx_word' id='word_1_154' title='bbox 943 2406 1051 2470; x_wconf 77' lang='lat' dir='ltr'><strong>posse,</strong></span> <span class='ocrx_word' id='word_1_155' title='bbox 1077 2388 1243 2470; x_wconf 89' lang='lat' dir='ltr'><strong>quosdam</strong></span> <span class='ocrx_word' id='word_1_156' title='bbox 1265 2387 1355 2450; x_wconf 81' lang='lat' dir='ltr'><strong>viros</strong></span> 
     </span>
    </p>
   </div>
   <div class='ocr_carea' id='block_1_8' title="bbox 181 2473 1358 2626">
    <p class='ocr_par' dir='ltr' id='par_1_9' title="bbox 181 2473 1358 2626">
     <span class='ocr_line' id='line_1_21' title="bbox 181 2473 1358 2558; baseline 0.002 -22"><span class='ocrx_word' id='word_1_157' title='bbox 181 2473 359 2557; x_wconf 85' lang='lat' dir='ltr'><strong>religiosos</strong></span> <span class='ocrx_word' id='word_1_158' title='bbox 384 2475 425 2538; x_wconf 94' lang='lat' dir='ltr'><strong>de</strong></span> <span class='ocrx_word' id='word_1_159' title='bbox 449 2494 533 2557; x_wconf 90' lang='lat' dir='ltr'><strong>pace</strong></span> <span class='ocrx_word' id='word_1_160' title='bbox 557 2475 794 2558; x_wconf 90' lang='lat' dir='ltr'><strong>componenda</strong></span> <span class='ocrx_word' id='word_1_161' title='bbox 816 2478 967 2538; x_wconf 88' lang='lat' dir='ltr'><strong>tractare</strong></span> <span class='ocrx_word' id='word_1_162' title='bbox 984 2475 1080 2539; x_wconf 83' lang='lat' dir='ltr'><strong>fecit.</strong></span> <span class='ocrx_word' id='word_1_163' title='bbox 1127 2485 1165 2540; x_wconf 82' lang='lat' dir='ltr'><strong>nt</strong></span> <span class='ocrx_word' id='word_1_164' title='bbox 1182 2492 1266 2540; x_wconf 81' lang='lat' dir='ltr'><strong>tuno</strong></span> <span class='ocrx_word' id='word_1_165' title='bbox 1285 2486 1358 2539; x_wconf 77' lang='lat' dir='ltr'><strong>faeta</strong></span> 
     </span>
     <span class='ocr_line' id='line_1_22' title="bbox 183 2555 1355 2626; baseline 0 -16"><span class='ocrx_word' id='word_1_166' title='bbox 183 2561 225 2610; x_wconf 89' lang='lat' dir='ltr'><strong>est</strong></span> <span class='ocrx_word' id='word_1_167' title='bbox 246 2573 314 2625; x_wconf 85' lang='lat' dir='ltr'><strong>pax</strong></span> <span class='ocrx_word' id='word_1_168' title='bbox 338 2560 373 2610; x_wconf 87' lang='lat' dir='ltr'><strong>et</strong></span> <span class='ocrx_word' id='word_1_169' title='bbox 391 2557 537 2610; x_wconf 90' lang='lat' dir='ltr'><strong>concordia</strong></span> <span class='ocrx_word' id='word_1_170' title='bbox 555 2557 627 2610; x_wconf 88' lang='lat' dir='ltr'><strong>inter</strong></span> <span class='ocrx_word' id='word_1_171' title='bbox 645 2559 839 2626; x_wconf 85' lang='lat' dir='ltr'><strong>imperatorem</strong></span> <span class='ocrx_word' id='word_1_172' title='bbox 859 2561 887 2612; x_wconf 86' lang='lat' dir='ltr'><strong>et</strong></span> <span class='ocrx_word' id='word_1_173' title='bbox 904 2556 1124 2612; x_wconf 88' lang='lat' dir='ltr'><strong>Mediolanenses</strong></span> <span class='ocrx_word' id='word_1_174' title='bbox 1147 2559 1213 2611; x_wconf 92' lang='lat' dir='ltr'><strong>hoc</strong></span> <span class='ocrx_word' id='word_1_175' title='bbox 1238 2555 1355 2610; x_wconf 76' lang='lat' dir='ltr'><strong>modoz</strong></span> 
     </span>
    </p>
   </div>
   <div class='ocr_carea' id='block_1_9' title="bbox 184 2635 1360 3322">
    <p class='ocr_par' dir='ltr' id='par_1_10' title="bbox 184 2635 1360 3322">
     <span class='ocr_line' id='line_1_23' title="bbox 184 2635 1358 2713; baseline -0.002 -15"><span class='ocrx_word' id='word_1_176' title='bbox 184 2645 335 2699; x_wconf 87' lang='lat' dir='ltr'><strong>scilicet</strong></span> <span class='ocrx_word' id='word_1_177' title='bbox 362 2646 437 2713; x_wconf 91' lang='lat' dir='ltr'><strong>quod</strong></span> <span class='ocrx_word' id='word_1_178' title='bbox 464 2646 558 2699; x_wconf 88' lang='lat' dir='ltr'><strong>civitas</strong></span> <span class='ocrx_word' id='word_1_179' title='bbox 582 2645 785 2700; x_wconf 85' lang='lat' dir='ltr'><strong>Mediolani</strong></span> <span class='ocrx_word' id='word_1_180' title='bbox 812 2651 840 2700; x_wconf 86' lang='lat' dir='ltr'><strong>et</strong></span> <span class='ocrx_word' id='word_1_181' title='bbox 865 2635 966 2700; x_wconf 77' lang='lat' dir='ltr'><strong>fossata</strong></span> <span class='ocrx_word' id='word_1_182' title='bbox 995 2637 1112 2698; x_wconf 82' lang='lat' dir='ltr'><strong>omnia</strong></span> <span class='ocrx_word' id='word_1_183' title='bbox 1142 2635 1292 2699; x_wconf 74' lang='lat' dir='ltr'><strong>civitatis</strong></span> <span class='ocrx_word' id='word_1_184' title='bbox 1323 2637 1358 2698; x_wconf 77' lang='lat' dir='ltr'><strong>eb</strong></span> 
     </span>
     <span class='ocr_line' id='line_1_24' title="bbox 185 2715 1358 2798; baseline 0 -13"><span class='ocrx_word' id='word_1_185' title='bbox 185 2723 371 2798; x_wconf 87' lang='lat' dir='ltr'><strong>districtus,</strong></span> <span class='ocrx_word' id='word_1_186' title='bbox 402 2715 498 2786; x_wconf 82' lang='lat' dir='ltr'><strong>locab</strong></span> <span class='ocrx_word' id='word_1_187' title='bbox 527 2726 563 2786; x_wconf 87' lang='lat' dir='ltr'><strong>et</strong></span> <span class='ocrx_word' id='word_1_188' title='bbox 586 2724 731 2788; x_wconf 89' lang='lat' dir='ltr'><strong>castella</strong></span> <span class='ocrx_word' id='word_1_189' title='bbox 753 2728 789 2786; x_wconf 93' lang='lat' dir='ltr'><strong>et</strong></span> <span class='ocrx_word' id='word_1_190' title='bbox 812 2743 929 2788; x_wconf 90' lang='lat' dir='ltr'><strong>omues</strong></span> <span class='ocrx_word' id='word_1_191' title='bbox 959 2723 1183 2788; x_wconf 86' lang='lat' dir='ltr'><strong>fortitudines</strong></span> <span class='ocrx_word' id='word_1_192' title='bbox 1208 2723 1358 2786; x_wconf 88' lang='lat' dir='ltr'><strong>civitatis</strong></span> 
     </span>
     <span class='ocr_line' id='line_1_25' title="bbox 184 2810 1358 2891; baseline -0.003 -16"><span class='ocrx_word' id='word_1_193' title='bbox 184 2823 214 2875; x_wconf 86' lang='lat' dir='ltr'><strong>in</strong></span> <span class='ocrx_word' id='word_1_194' title='bbox 232 2839 281 2876; x_wconf 87' lang='lat' dir='ltr'><strong>suo</strong></span> <span class='ocrx_word' id='word_1_195' title='bbox 300 2826 373 2874; x_wconf 88' lang='lat' dir='ltr'><strong>statu</strong></span> <span class='ocrx_word' id='word_1_196' title='bbox 390 2839 590 2890; x_wconf 87' lang='lat' dir='ltr'><strong>permanere</strong></span> <span class='ocrx_word' id='word_1_197' title='bbox 609 2827 644 2876; x_wconf 87' lang='lat' dir='ltr'><strong>et</strong></span> <span class='ocrx_word' id='word_1_198' title='bbox 662 2828 758 2876; x_wconf 88' lang='lat' dir='ltr'><strong>stare</strong></span> <span class='ocrx_word' id='word_1_199' title='bbox 778 2823 948 2891; x_wconf 76' lang='lat' dir='ltr'><strong>debebant03</strong></span> <span class='ocrx_word' id='word_1_200' title='bbox 973 2816 1008 2876; x_wconf 81' lang='lat' dir='ltr'><strong>et</strong></span> <span class='ocrx_word' id='word_1_201' title='bbox 1024 2813 1114 2876; x_wconf 83' lang='lat' dir='ltr'><strong>cives</strong></span> <span class='ocrx_word' id='word_1_202' title='bbox 1131 2831 1248 2875; x_wconf 90' lang='lat' dir='ltr'><strong>omnes</strong></span> <span class='ocrx_word' id='word_1_203' title='bbox 1263 2810 1358 2873; x_wconf 81' lang='lat' dir='ltr'><strong>urbis</strong></span> 
     </span>
     <span class='ocr_line' id='line_1_26' title="bbox 185 2899 1358 2982; baseline -0.001 -20"><span class='ocrx_word' id='word_1_204' title='bbox 185 2899 375 2964; x_wconf 89' lang='lat' dir='ltr'><strong>Mediolani</strong></span> <span class='ocrx_word' id='word_1_205' title='bbox 399 2903 434 2963; x_wconf 93' lang='lat' dir='ltr'><strong>et</strong></span> <span class='ocrx_word' id='word_1_206' title='bbox 456 2900 565 2962; x_wconf 90' lang='lat' dir='ltr'><strong>totius</strong></span> <span class='ocrx_word' id='word_1_207' title='bbox 589 2899 765 2963; x_wconf 89' lang='lat' dir='ltr'><strong>districtus</strong></span> <span class='ocrx_word' id='word_1_208' title='bbox 789 2919 906 2964; x_wconf 88' lang='lat' dir='ltr'><strong>eorum</strong></span> <span class='ocrx_word' id='word_1_209' title='bbox 938 2921 1015 2962; x_wconf 92' lang='lat' dir='ltr'><strong>cum</strong></span> <span class='ocrx_word' id='word_1_210' title='bbox 1045 2899 1204 2963; x_wconf 91' lang='lat' dir='ltr'><strong>omnibus</strong></span> <span class='ocrx_word' id='word_1_211' title='bbox 1232 2917 1358 2982; x_wconf 89' lang='lat' dir='ltr'><strong>posses·</strong></span> 
     </span>
     <span class='ocr_line' id='line_1_27' title="bbox 186 2987 1359 3052; baseline -0.003 0"><span class='ocrx_word' id='word_1_212' title='bbox 186 2989 338 3052; x_wconf 90' lang='lat' dir='ltr'><strong>sionibus</strong></span> <span class='ocrx_word' id='word_1_213' title='bbox 363 2992 398 3052; x_wconf 90' lang='lat' dir='ltr'><strong>et</strong></span> <span class='ocrx_word' id='word_1_214' title='bbox 420 2988 523 3052; x_wconf 87' lang='lat' dir='ltr'><strong>rebus</strong></span> <span class='ocrx_word' id='word_1_215' title='bbox 547 3007 666 3052; x_wconf 87' lang='lat' dir='ltr'><strong>eorum</strong></span> <span class='ocrx_word' id='word_1_216' title='bbox 682 2992 906 3052; x_wconf 86' lang='lat' dir='ltr'><strong>manutenere</strong></span> <span class='ocrx_word' id='word_1_217' title='bbox 931 2992 966 3052; x_wconf 87' lang='lat' dir='ltr'><strong>et</strong></span> <span class='ocrx_word' id='word_1_218' title='bbox 989 2989 1161 3052; x_wconf 87' lang='lat' dir='ltr'><strong>custodire</strong></span> <span class='ocrx_word' id='word_1_219' title='bbox 1186 2991 1221 3052; x_wconf 92' lang='lat' dir='ltr'><strong>et</strong></span> <span class='ocrx_word' id='word_1_220' title='bbox 1245 2987 1359 3051; x_wconf 88' lang='lat' dir='ltr'><strong>defen·</strong></span> 
     </span>
     <span class='ocr_line' id='line_1_28' title="bbox 186 3071 1359 3161; baseline -0.002 -21"><span class='ocrx_word' id='word_1_221' title='bbox 186 3078 266 3140; x_wconf 88' lang='lat' dir='ltr'><strong>dere</strong></span> <span class='ocrx_word' id='word_1_222' title='bbox 284 3071 442 3152; x_wconf 71' lang='lat' dir='ltr'><strong>debeatd3</strong></span> <span class='ocrx_word' id='word_1_223' title='bbox 469 3081 504 3140; x_wconf 92' lang='lat' dir='ltr'><strong>et</strong></span> <span class='ocrx_word' id='word_1_224' title='bbox 528 3078 620 3160; x_wconf 93' lang='lat' dir='ltr'><strong>quod</strong></span> <span class='ocrx_word' id='word_1_225' title='bbox 642 3097 713 3141; x_wconf 91' lang='lat' dir='ltr'><strong>nou</strong></span> <span class='ocrx_word' id='word_1_226' title='bbox 731 3078 858 3161; x_wconf 80' lang='lat' dir='ltr'><strong>possite</strong></span> <span class='ocrx_word' id='word_1_227' title='bbox 879 3097 936 3141; x_wconf 91' lang='lat' dir='ltr'><strong>eos</strong></span> <span class='ocrx_word' id='word_1_228' title='bbox 953 3097 1073 3160; x_wconf 82' lang='lat' dir='ltr'><strong>cogere</strong></span> <span class='ocrx_word' id='word_1_229' title='bbox 1091 3079 1134 3141; x_wconf 88' lang='lat' dir='ltr'><strong>ad</strong></span> <span class='ocrx_word' id='word_1_230' title='bbox 1150 3079 1359 3160; x_wconf 84' lang='lat' dir='ltr'><strong>potestatem</strong></span> 
     </span>
     <span class='ocr_line' id='line_1_29' title="bbox 187 3159 1360 3249; baseline 0 -21"><span class='ocrx_word' id='word_1_231' title='bbox 187 3166 460 3249; x_wconf 77' lang='lat' dir='ltr'><strong>accipiendam4;</strong></span> <span class='ocrx_word' id='word_1_232' title='bbox 492 3169 528 3230; x_wconf 87' lang='lat' dir='ltr'><strong>et</strong></span> <span class='ocrx_word' id='word_1_233' title='bbox 558 3186 637 3229; x_wconf 91' lang='lat' dir='ltr'><strong>cum</strong></span> <span class='ocrx_word' id='word_1_234' title='bbox 660 3167 795 3231; x_wconf 87' lang='lat' dir='ltr'><strong>veniret</strong></span> <span class='ocrx_word' id='word_1_235' title='bbox 824 3167 861 3228; x_wconf 90' lang='lat' dir='ltr'><strong>in</strong></span> <span class='ocrx_word' id='word_1_236' title='bbox 884 3159 1113 3244; x_wconf 77' lang='lat' dir='ltr'><strong>Lonbardiaf‚</strong></span> <span class='ocrx_word' id='word_1_237' title='bbox 1145 3195 1202 3231; x_wconf 86' lang='lat' dir='ltr'><strong>non</strong></span> <span class='ocrx_word' id='word_1_238' title='bbox 1227 3177 1360 3231; x_wconf 83' lang='lat' dir='ltr'><strong>deberet</strong></span> 
     </span>
     <span class='ocr_line' id='line_1_30' title="bbox 187 3253 1359 3322; baseline -0.003 -4"><span class='ocrx_word' id='word_1_239' title='bbox 187 3270 284 3319; x_wconf 89' lang='lat' dir='ltr'><strong>stare</strong></span> <span class='ocrx_word' id='word_1_240' title='bbox 309 3266 382 3318; x_wconf 89' lang='lat' dir='ltr'><strong>ultra</strong></span> <span class='ocrx_word' id='word_1_241' title='bbox 404 3269 459 3320; x_wconf 89' lang='lat' dir='ltr'><strong>tres</strong></span> <span class='ocrx_word' id='word_1_242' title='bbox 485 3256 542 3320; x_wconf 85' lang='lat' dir='ltr'><strong>dies</strong></span> <span class='ocrx_word' id='word_1_243' title='bbox 567 3266 596 3320; x_wconf 93' lang='lat' dir='ltr'><strong>iu</strong></span> <span class='ocrx_word' id='word_1_244' title='bbox 620 3271 694 3320; x_wconf 86' lang='lat' dir='ltr'><strong>terra</strong></span> <span class='ocrx_word' id='word_1_245' title='bbox 711 3265 870 3322; x_wconf 86' lang='lat' dir='ltr'><strong>Mediolani.</strong></span> <span class='ocrx_word' id='word_1_246' title='bbox 915 3253 960 3318; x_wconf 75' lang='lat' dir='ltr'><strong>Et</strong></span> <span class='ocrx_word' id='word_1_247' title='bbox 983 3255 1260 3319; x_wconf 78' lang='lat' dir='ltr'><strong>Mediolanenses</strong></span> <span class='ocrx_word' id='word_1_248' title='bbox 1284 3274 1359 3316; x_wconf 81' lang='lat' dir='ltr'><strong>eon·</strong></span> 
     </span>
    </p>
   </div>
   <div class='ocr_carea' id='block_1_10' title="bbox 187 3343 1453 3637">
    <p class='ocr_par' dir='ltr' id='par_1_11' title="bbox 187 3343 1453 3637">
     <span class='ocr_line' id='line_1_31' title="bbox 187 3343 1360 3423; baseline -0.002 -16"><span class='ocrx_word' id='word_1_249' title='bbox 187 3347 379 3407; x_wconf 56' lang='lat' dir='ltr'><strong>venerunt&amp;</strong></span> <span class='ocrx_word' id='word_1_250' title='bbox 398 3343 429 3407; x_wconf 86' lang='lat' dir='ltr'><strong>ei</strong></span> <span class='ocrx_word' id='word_1_251' title='bbox 446 3343 528 3407; x_wconf 83' lang='lat' dir='ltr'><strong>(lare</strong></span> <span class='ocrx_word' id='word_1_252' title='bbox 544 3347 580 3408; x_wconf 71' lang='lat' dir='ltr'><strong>et</strong></span> <span class='ocrx_word' id='word_1_253' title='bbox 595 3344 709 3408; x_wconf 79' lang='lat' dir='ltr'><strong>faeere</strong></span> <span class='ocrx_word' id='word_1_254' title='bbox 726 3365 767 3408; x_wconf 83' lang='lat' dir='ltr'><strong>ea</strong></span> <span class='ocrx_word' id='word_1_255' title='bbox 782 3345 906 3418; x_wconf 72' lang='lat' dir='ltr'><strong>omnia,</strong></span> <span class='ocrx_word' id='word_1_256' title='bbox 932 3373 985 3423; x_wconf 88' lang='lat' dir='ltr'><strong>que</strong></span> <span class='ocrx_word' id='word_1_257' title='bbox 1004 3355 1139 3423; x_wconf 87' lang='lat' dir='ltr'><strong>aliquis</strong></span> <span class='ocrx_word' id='word_1_258' title='bbox 1156 3356 1360 3422; x_wconf 87' lang='lat' dir='ltr'><strong>imperator</strong></span> 
     </span>
     <span class='ocr_line' id='line_1_32' title="bbox 188 3424 1359 3498; baseline -0.002 -20"><span class='ocrx_word' id='word_1_259' title='bbox 188 3431 332 3480; x_wconf 87' lang='lat' dir='ltr'><strong>acentum</strong></span> <span class='ocrx_word' id='word_1_260' title='bbox 357 3427 434 3479; x_wconf 90' lang='lat' dir='ltr'><strong>annis</strong></span> <span class='ocrx_word' id='word_1_261' title='bbox 459 3425 582 3480; x_wconf 82' lang='lat' dir='ltr'><strong>infreh</strong></span> <span class='ocrx_word' id='word_1_262' title='bbox 610 3427 790 3498; x_wconf 84' lang='lat' dir='ltr'><strong>habuerat</strong></span> <span class='ocrx_word' id='word_1_263' title='bbox 814 3431 849 3480; x_wconf 86' lang='lat' dir='ltr'><strong>et</strong></span> <span class='ocrx_word' id='word_1_264' title='bbox 874 3425 992 3492; x_wconf 78' lang='lat' dir='ltr'><strong>haberei</strong></span> <span class='ocrx_word' id='word_1_265' title='bbox 1018 3431 1205 3482; x_wconf 86' lang='lat' dir='ltr'><strong>consueverat.</strong></span> <span class='ocrx_word' id='word_1_266' title='bbox 1241 3424 1278 3478; x_wconf 79' lang='lat' dir='ltr'><strong>Mt</strong></span> <span class='ocrx_word' id='word_1_267' title='bbox 1296 3441 1359 3492; x_wconf 91' lang='lat' dir='ltr'><strong>pro</strong></span> 
     </span>
     <span class='ocr_line' id='line_1_33' title="bbox 188 3495 1360 3551; baseline -0.003 -1"><span class='ocrx_word' id='word_1_268' title='bbox 188 3497 248 3550; x_wconf 86' lang='lat' dir='ltr'><strong>hac</strong></span> <span class='ocrx_word' id='word_1_269' title='bbox 267 3497 451 3550; x_wconf 89' lang='lat' dir='ltr'><strong>concordia</strong></span> <span class='ocrx_word' id='word_1_270' title='bbox 468 3496 765 3551; x_wconf 90' lang='lat' dir='ltr'><strong>Mediolanenses</strong></span> <span class='ocrx_word' id='word_1_271' title='bbox 783 3497 964 3551; x_wconf 87' lang='lat' dir='ltr'><strong>dederunt</strong></span> <span class='ocrx_word' id='word_1_272' title='bbox 983 3497 1012 3550; x_wconf 91' lang='lat' dir='ltr'><strong>ei</strong></span> <span class='ocrx_word' id='word_1_273' title='bbox 1030 3501 1180 3550; x_wconf 89' lang='lat' dir='ltr'><strong>trecentos</strong></span> <span class='ocrx_word' id='word_1_274' title='bbox 1200 3495 1307 3549; x_wconf 87' lang='lat' dir='ltr'><strong>obsides</strong></span> <span class='ocrx_word' id='word_1_275' title='bbox 1326 3495 1360 3548; x_wconf 85' lang='lat' dir='ltr'><strong>dc</strong></span> 
     </span>
     <span class='ocr_line' id='line_1_34' title="bbox 189 3566 1453 3637; baseline -0.003 -17"><span class='ocrx_word' id='word_1_276' title='bbox 189 3569 346 3621; x_wconf 89' lang='lat' dir='ltr'><strong>melioribus</strong></span> <span class='ocrx_word' id='word_1_277' title='bbox 365 3572 392 3622; x_wconf 87' lang='lat' dir='ltr'><strong>et</strong></span> <span class='ocrx_word' id='word_1_278' title='bbox 410 3569 588 3622; x_wconf 89' lang='lat' dir='ltr'><strong>nobilioribus</strong></span> <span class='ocrx_word' id='word_1_279' title='bbox 607 3569 691 3624; x_wconf 90' lang='lat' dir='ltr'><strong>urbis.</strong></span> <span class='ocrx_word' id='word_1_280' title='bbox 728 3569 851 3637; x_wconf 83' lang='lat' dir='ltr'><strong>Septima</strong></span> <span class='ocrx_word' id='word_1_281' title='bbox 874 3573 991 3622; x_wconf 87' lang='lat' dir='ltr'><strong>autem</strong></span> <span class='ocrx_word' id='word_1_282' title='bbox 1010 3569 1054 3622; x_wconf 87' lang='lat' dir='ltr'><strong>die</strong></span> <span class='ocrx_word' id='word_1_283' title='bbox 1072 3569 1172 3621; x_wconf 87' lang='lat' dir='ltr'><strong>mensis</strong></span> <span class='ocrx_word' id='word_1_284' title='bbox 1191 3566 1360 3636; x_wconf 84' lang='lat' dir='ltr'><strong>Septembris</strong></span> <span class='ocrx_word' id='word_1_285' title='bbox 1372 3577 1453 3624; x_wconf 72' lang='lat' dir='ltr'><strong>saun</strong></span> 
     </span>
    </p>
   </div>
   <div class='ocr_carea' id='block_1_11' title="bbox 189 3643 1360 3726">
    <p class='ocr_par' dir='ltr' id='par_1_12' title="bbox 189 3643 1360 3726">
     <span class='ocr_line' id='line_1_35' title="bbox 189 3643 1360 3726; baseline -0.003 -17"><span class='ocrx_word' id='word_1_286' title='bbox 189 3656 240 3710; x_wconf 90' lang='lat' dir='ltr'><strong>hec</strong></span> <span class='ocrx_word' id='word_1_287' title='bbox 267 3657 414 3710; x_wconf 88' lang='lat' dir='ltr'><strong>concordia</strong></span> <span class='ocrx_word' id='word_1_288' title='bbox 440 3657 513 3711; x_wconf 87' lang='lat' dir='ltr'><strong>facta</strong></span> <span class='ocrx_word' id='word_1_289' title='bbox 539 3658 599 3714; x_wconf 79' lang='lat' dir='ltr'><strong>fuit.</strong></span> <span class='ocrx_word' id='word_1_290' title='bbox 645 3658 743 3711; x_wconf 88' lang='lat' dir='ltr'><strong>Altera</strong></span> <span class='ocrx_word' id='word_1_291' title='bbox 769 3675 853 3712; x_wconf 88' lang='lat' dir='ltr'><strong>vero</strong></span> <span class='ocrx_word' id='word_1_292' title='bbox 881 3657 937 3726; x_wconf 88' lang='lat' dir='ltr'><strong>die,</strong></span> <span class='ocrx_word' id='word_1_293' title='bbox 973 3667 1052 3708; x_wconf 84' lang='lat' dir='ltr'><strong>cum</strong></span> <span class='ocrx_word' id='word_1_294' title='bbox 1085 3643 1360 3709; x_wconf 83' lang='lat' dir='ltr'><strong>Mediolanenses</strong></span> 
     </span>
    </p>
   </div>
   <div class='ocr_carea' id='block_1_12' title="bbox 189 3815 1362 4082">
    <p class='ocr_par' dir='ltr' id='par_1_13' title="bbox 189 3815 1362 4082">
     <span class='ocr_line' id='line_1_36' title="bbox 189 3815 1362 3868; baseline -0.004 -12"><span class='ocrx_word' id='word_1_295' title='bbox 189 3821 211 3866; x_wconf 86' lang='lat' dir='ltr'><strong>a)</strong></span> <span class='ocrx_word' id='word_1_296' title='bbox 226 3821 261 3856; x_wconf 83' lang='lat' dir='ltr'><strong>est</strong></span> <span class='ocrx_word' id='word_1_297' title='bbox 275 3817 333 3866; x_wconf 81' lang='lat' dir='ltr'><strong>add.,</strong></span> <span class='ocrx_word' id='word_1_298' title='bbox 352 3819 390 3856; x_wconf 81' lang='lat' dir='ltr'><strong>sed</strong></span> <span class='ocrx_word' id='word_1_299' title='bbox 402 3819 443 3860; x_wconf 80' lang='lat' dir='ltr'><strong>del.</strong></span> <span class='ocrx_word' id='word_1_300' title='bbox 457 3819 483 3860; x_wconf 74' lang='lat' dir='ltr'><strong>A.</strong></span> <span class='ocrx_word' id='word_1_301' title='bbox 550 3820 573 3867; x_wconf 84' lang='lat' dir='ltr'><strong>b)</strong></span> <span class='ocrx_word' id='word_1_302' title='bbox 591 3819 681 3859; x_wconf 81' lang='lat' dir='ltr'><strong>loca-</strong></span> <span class='ocrx_word' id='word_1_303' title='bbox 696 3820 795 3859; x_wconf 83' lang='lat' dir='ltr'><strong>civitatis</strong></span> <span class='ocrx_word' id='word_1_304' title='bbox 813 3819 910 3868; x_wconf 78' lang='lat' dir='ltr'><strong>suppleat</strong></span> <span class='ocrx_word' id='word_1_305' title='bbox 923 3829 950 3857; x_wconf 83' lang='lat' dir='ltr'><strong>ere</strong></span> <span class='ocrx_word' id='word_1_306' title='bbox 964 3819 989 3867; x_wconf 88' lang='lat' dir='ltr'><strong>P,</strong></span> <span class='ocrx_word' id='word_1_307' title='bbox 1008 3819 1051 3860; x_wconf 82' lang='lat' dir='ltr'><strong>dea.</strong></span> <span class='ocrx_word' id='word_1_308' title='bbox 1065 3818 1091 3866; x_wconf 88' lang='lat' dir='ltr'><strong>B,</strong></span> <span class='ocrx_word' id='word_1_309' title='bbox 1111 3827 1176 3865; x_wconf 74' lang='lat' dir='ltr'><strong>neque</strong></span> <span class='ocrx_word' id='word_1_310' title='bbox 1193 3827 1243 3855; x_wconf 84' lang='lat' dir='ltr'><strong>vero</strong></span> <span class='ocrx_word' id='word_1_311' title='bbox 1262 3815 1362 3852; x_wconf 67' lang='lat' dir='ltr'><strong>circitare</strong></span> 
     </span>
     <span class='ocr_line' id='line_1_37' title="bbox 190 3869 1362 3922; baseline -0.004 -13"><span class='ocrx_word' id='word_1_312' title='bbox 190 3873 244 3920; x_wconf 83' lang='lat' dir='ltr'><strong>licet,</strong></span> <span class='ocrx_word' id='word_1_313' title='bbox 263 3871 315 3919; x_wconf 77' lang='lat' dir='ltr'><strong>quin</strong></span> <span class='ocrx_word' id='word_1_314' title='bbox 329 3871 380 3908; x_wconf 79' lang='lat' dir='ltr'><strong>naec</strong></span> <span class='ocrx_word' id='word_1_315' title='bbox 395 3883 409 3908; x_wconf 86' lang='lat' dir='ltr'><strong>a</strong></span> <span class='ocrx_word' id='word_1_316' title='bbox 424 3870 553 3918; x_wconf 72' lang='lat' dir='ltr'><strong>eoauauclto</strong></span> <span class='ocrx_word' id='word_1_317' title='bbox 567 3873 649 3920; x_wconf 67' lang='lat' dir='ltr'><strong>sarepta</strong></span> <span class='ocrx_word' id='word_1_318' title='bbox 663 3874 713 3922; x_wconf 80' lang='lat' dir='ltr'><strong>sint,</strong></span> <span class='ocrx_word' id='word_1_319' title='bbox 732 3884 779 3910; x_wconf 88' lang='lat' dir='ltr'><strong>cum</strong></span> <span class='ocrx_word' id='word_1_320' title='bbox 798 3873 843 3910; x_wconf 83' lang='lat' dir='ltr'><strong>eius</strong></span> <span class='ocrx_word' id='word_1_321' title='bbox 857 3873 927 3910; x_wconf 80' lang='lat' dir='ltr'><strong>irrdoli</strong></span> <span class='ocrx_word' id='word_1_322' title='bbox 940 3873 1030 3920; x_wconf 76' lang='lat' dir='ltr'><strong>utroque</strong></span> <span class='ocrx_word' id='word_1_323' title='bbox 1046 3872 1133 3909; x_wconf 74' lang='lat' dir='ltr'><strong>omniuo</strong></span> <span class='ocrx_word' id='word_1_324' title='bbox 1147 3871 1280 3918; x_wconf 81' lang='lat' dir='ltr'><strong>conveniant,</strong></span> <span class='ocrx_word' id='word_1_325' title='bbox 1299 3869 1362 3915; x_wconf 73' lang='lat' dir='ltr'><strong>iutra</strong></span> 
     </span>
     <span class='ocr_line' id='line_1_38' title="bbox 190 3921 1362 3974; baseline -0.003 -12"><span class='ocrx_word' id='word_1_326' title='bbox 190 3934 271 3973; x_wconf 76' lang='lat' dir='ltr'><strong>quoque</strong></span> <span class='ocrx_word' id='word_1_327' title='bbox 281 3935 306 3972; x_wconf 77' lang='lat' dir='ltr'><strong>p.</strong></span> <span class='ocrx_word' id='word_1_328' title='bbox 315 3924 349 3964; x_wconf 84' lang='lat'><strong>51.</strong></span> <span class='ocrx_word' id='word_1_329' title='bbox 361 3925 409 3972; x_wconf 78' lang='lat' dir='ltr'><strong>fere</strong></span> <span class='ocrx_word' id='word_1_330' title='bbox 423 3925 496 3962; x_wconf 82' lang='lat' dir='ltr'><strong>eedem</strong></span> <span class='ocrx_word' id='word_1_331' title='bbox 511 3926 538 3962; x_wconf 85' lang='lat' dir='ltr'><strong>ab</strong></span> <span class='ocrx_word' id='word_1_332' title='bbox 552 3935 576 3962; x_wconf 90' lang='lat' dir='ltr'><strong>eo</strong></span> <span class='ocrx_word' id='word_1_333' title='bbox 590 3927 681 3974; x_wconf 78' lang='lat' dir='ltr'><strong>repetita</strong></span> <span class='ocrx_word' id='word_1_334' title='bbox 694 3927 744 3974; x_wconf 84' lang='lat' dir='ltr'><strong>sint,</strong></span> <span class='ocrx_word' id='word_1_335' title='bbox 760 3927 787 3963; x_wconf 82' lang='lat' dir='ltr'><strong>ab</strong></span> <span class='ocrx_word' id='word_1_336' title='bbox 797 3929 884 3963; x_wconf 87' lang='lat' dir='ltr'><strong>auctore</strong></span> <span class='ocrx_word' id='word_1_337' title='bbox 893 3925 1000 3963; x_wconf 76' lang='lat' dir='ltr'><strong>thelliuo</strong></span> <span class='ocrx_word' id='word_1_338' title='bbox 1010 3925 1133 3962; x_wconf 84' lang='lat' dir='ltr'><strong>Placentino</strong></span> <span class='ocrx_word' id='word_1_339' title='bbox 1147 3924 1271 3970; x_wconf 78' lang='lat' dir='ltr'><strong>neutiquam</strong></span> <span class='ocrx_word' id='word_1_340' title='bbox 1285 3921 1362 3960; x_wconf 83' lang='lat' dir='ltr'><strong>addita</strong></span> 
     </span>
     <span class='ocr_line' id='line_1_39' title="bbox 190 3973 1362 4028; baseline 0 -12"><span class='ocrx_word' id='word_1_341' title='bbox 190 3989 234 4016; x_wconf 79' lang='lat' dir='ltr'><strong>esse</strong></span> <span class='ocrx_word' id='word_1_342' title='bbox 243 3978 336 4026; x_wconf 75' lang='lat' dir='ltr'><strong>possint.</strong></span> <span class='ocrx_word' id='word_1_343' title='bbox 391 3983 411 4024; x_wconf 80' lang='lat' dir='ltr'><strong>c)</strong></span> <span class='ocrx_word' id='word_1_344' title='bbox 425 3977 455 4016; x_wconf 83' lang='lat' dir='ltr'><strong>sic</strong></span> <span class='ocrx_word' id='word_1_345' title='bbox 465 3977 488 4018; x_wconf 85' lang='lat' dir='ltr'><strong>P.</strong></span> <span class='ocrx_word' id='word_1_346' title='bbox 498 3978 530 4025; x_wconf 65' lang='lat' dir='ltr'><strong>Af</strong></span> <span class='ocrx_word' id='word_1_347' title='bbox 544 3975 643 4017; x_wconf 83' lang='lat' dir='ltr'><strong>debeant</strong></span> <span class='ocrx_word' id='word_1_348' title='bbox 655 3979 681 4020; x_wconf 85' lang='lat' dir='ltr'><strong>B.</strong></span> <span class='ocrx_word' id='word_1_349' title='bbox 736 3977 759 4026; x_wconf 85' lang='lat' dir='ltr'><strong>d)</strong></span> <span class='ocrx_word' id='word_1_350' title='bbox 774 3977 857 4018; x_wconf 76' lang='lat' dir='ltr'><strong>debeat</strong></span> <span class='ocrx_word' id='word_1_351' title='bbox 869 3979 895 4020; x_wconf 83' lang='lat' dir='ltr'><strong>B.</strong></span> <span class='ocrx_word' id='word_1_352' title='bbox 950 3979 971 4024; x_wconf 90' lang='lat' dir='ltr'><strong>e)</strong></span> <span class='ocrx_word' id='word_1_353' title='bbox 985 3978 1094 4026; x_wconf 87' lang='lat' dir='ltr'><strong>possetP.</strong></span> <span class='ocrx_word' id='word_1_354' title='bbox 1148 3973 1327 4028; x_wconf 70' lang='lat' dir='ltr'><strong>Olombardiam</strong></span> <span class='ocrx_word' id='word_1_355' title='bbox 1338 3975 1362 4016; x_wconf 89' lang='lat' dir='ltr'><strong>P.</strong></span> 
     </span>
     <span class='ocr_line' id='line_1_40' title="bbox 190 4031 1033 4082; baseline 0.001 -12"><span class='ocrx_word' id='word_1_356' title='bbox 190 4034 213 4080; x_wconf 83' lang='lat' dir='ltr'><strong>g)</strong></span> <span class='ocrx_word' id='word_1_357' title='bbox 226 4032 257 4070; x_wconf 82' lang='lat' dir='ltr'><strong>sic</strong></span> <span class='ocrx_word' id='word_1_358' title='bbox 271 4031 301 4079; x_wconf 88' lang='lat' dir='ltr'><strong>P,·</strong></span> <span class='ocrx_word' id='word_1_359' title='bbox 315 4031 464 4070; x_wconf 81' lang='lat' dir='ltr'><strong>conuenirent</strong></span> <span class='ocrx_word' id='word_1_360' title='bbox 477 4031 502 4072; x_wconf 91' lang='lat' dir='ltr'><strong>B.</strong></span> <span class='ocrx_word' id='word_1_361' title='bbox 557 4032 581 4078; x_wconf 90' lang='lat' dir='ltr'><strong>h)</strong></span> <span class='ocrx_word' id='word_1_362' title='bbox 595 4033 652 4070; x_wconf 85' lang='lat' dir='ltr'><strong>citra</strong></span> <span class='ocrx_word' id='word_1_363' title='bbox 666 4032 690 4072; x_wconf 88' lang='lat' dir='ltr'><strong>P.</strong></span> <span class='ocrx_word' id='word_1_364' title='bbox 744 4032 761 4082; x_wconf 87' lang='lat' dir='ltr'><strong>i)</strong></span> <span class='ocrx_word' id='word_1_365' title='bbox 775 4042 834 4073; x_wconf 87' lang='lat' dir='ltr'><strong>cons.</strong></span> <span class='ocrx_word' id='word_1_366' title='bbox 849 4031 900 4073; x_wconf 85' lang='lat' dir='ltr'><strong>hab.</strong></span> <span class='ocrx_word' id='word_1_367' title='bbox 914 4031 936 4069; x_wconf 92' lang='lat' dir='ltr'><strong><em>P</em></strong></span> <span class='ocrx_word' id='word_1_368' title='bbox 946 4042 993 4069; x_wconf 86' lang='lat' dir='ltr'><strong>cum</strong></span> <span class='ocrx_word' id='word_1_369' title='bbox 1007 4031 1033 4072; x_wconf 78' lang='grc' dir='ltr'><strong>Α.</strong></span> 
     </span>
    </p>
   </div>
   <div class='ocr_carea' id='block_1_13' title="bbox 191 4171 1365 4597">
    <p class='ocr_par' dir='ltr' id='par_1_14' title="bbox 191 4171 1365 4597">
     <span class='ocr_line' id='line_1_41' title="bbox 193 4171 1364 4239; baseline -0.004 -12"><span class='ocrx_word' id='word_1_370' title='bbox 193 4175 219 4239; x_wconf 88' lang='grc'><strong>1)</strong></span> <span class='ocrx_word' id='word_1_371' title='bbox 247 4173 457 4224; x_wconf 77' lang='lat' dir='ltr'><strong>lustramentum</strong></span> <span class='ocrx_word' id='word_1_372' title='bbox 485 4174 574 4239; x_wconf 81' lang='lat' dir='ltr'><strong>pacis,</strong></span> <span class='ocrx_word' id='word_1_373' title='bbox 608 4174 684 4224; x_wconf 86' lang='lat' dir='ltr'><strong>cuius</strong></span> <span class='ocrx_word' id='word_1_374' title='bbox 714 4174 876 4225; x_wconf 79' lang='lat' dir='ltr'><strong>condicimus</strong></span> <span class='ocrx_word' id='word_1_375' title='bbox 905 4179 999 4224; x_wconf 80' lang='lat' dir='ltr'><strong>auctor</strong></span> <span class='ocrx_word' id='word_1_376' title='bbox 1030 4171 1100 4223; x_wconf 84' lang='lat' dir='ltr'><strong>ruale</strong></span> <span class='ocrx_word' id='word_1_377' title='bbox 1130 4173 1272 4236; x_wconf 79' lang='lat' dir='ltr'><strong>recensuit,</strong></span> <span class='ocrx_word' id='word_1_378' title='bbox 1306 4171 1364 4223; x_wconf 81' lang='lat' dir='ltr'><strong>ride</strong></span> 
     </span>
     <span class='ocr_line' id='line_1_42' title="bbox 192 4243 1363 4312; baseline -0.002 -16"><span class='ocrx_word' id='word_1_379' title='bbox 192 4245 329 4298; x_wconf 84' lang='lat' dir='ltr'><strong>Rahewiu.</strong></span> <span class='ocrx_word' id='word_1_380' title='bbox 348 4245 403 4310; x_wconf 86' lang='lat' dir='ltr'><em>III,</em></span> <span class='ocrx_word' id='word_1_381' title='bbox 424 4247 476 4306; x_wconf 80' lang='lat'>47,·</span> <span class='ocrx_word' id='word_1_382' title='bbox 501 4245 558 4298; x_wconf 81' lang='lat' dir='ltr'><strong>LL.</strong></span> <span class='ocrx_word' id='word_1_383' title='bbox 578 4244 656 4311; x_wconf 84' lang='lat'><em>11,1,</em></span> <span class='ocrx_word' id='word_1_384' title='bbox 679 4262 708 4312; x_wconf 81' lang='lat' dir='ltr'><strong>p.</strong></span> <span class='ocrx_word' id='word_1_385' title='bbox 723 4246 773 4298; x_wconf 88' lang='lat'><strong>109</strong></span> <span class='ocrx_word' id='word_1_386' title='bbox 787 4260 824 4310; x_wconf 81' lang='lat' dir='ltr'><strong>sq.</strong></span> <span class='ocrx_word' id='word_1_387' title='bbox 915 4244 942 4310; x_wconf 83' lang='lat'><strong>2)</strong></span> <span class='ocrx_word' id='word_1_388' title='bbox 966 4243 1049 4296; x_wconf 83' lang='lat' dir='ltr'><strong>lustr.</strong></span> <span class='ocrx_word' id='word_1_389' title='bbox 1072 4244 1150 4310; x_wconf 82' lang='lat' dir='ltr'><strong>pacis</strong></span> <span class='ocrx_word' id='word_1_390' title='bbox 1175 4243 1193 4297; x_wconf 84' lang='lat' dir='ltr'><strong>i.</strong></span> <span class='ocrx_word' id='word_1_391' title='bbox 1213 4243 1231 4297; x_wconf 85' lang='lat' dir='ltr'><strong>i.</strong></span> <span class='ocrx_word' id='word_1_392' title='bbox 1254 4261 1282 4309; x_wconf 85' lang='lat' dir='ltr'><strong>p.</strong></span> <span class='ocrx_word' id='word_1_393' title='bbox 1297 4244 1363 4296; x_wconf 89' lang='lat'>110:</span> 
     </span>
     <span class='ocr_line' id='line_1_43' title="bbox 191 4311 1363 4382; baseline -0.003 -16"><span class='ocrx_word' id='word_1_394' title='bbox 191 4315 269 4367; x_wconf 84' lang='lat' dir='ltr'><strong>Datis</strong></span> <span class='ocrx_word' id='word_1_395' title='bbox 288 4318 379 4366; x_wconf 88' lang='lat' dir='ltr'><strong>autem</strong></span> <span class='ocrx_word' id='word_1_396' title='bbox 398 4314 537 4367; x_wconf 87' lang='lat' dir='ltr'><strong>obsidibus</strong></span> <span class='ocrx_word' id='word_1_397' title='bbox 557 4318 584 4366; x_wconf 89' lang='lat' dir='ltr'><strong>et</strong></span> <span class='ocrx_word' id='word_1_398' title='bbox 602 4313 723 4382; x_wconf 87' lang='lat' dir='ltr'><strong>captivis,</strong></span> <span class='ocrx_word' id='word_1_399' title='bbox 749 4315 835 4367; x_wconf 87' lang='lat' dir='ltr'><strong>altera</strong></span> <span class='ocrx_word' id='word_1_400' title='bbox 860 4312 903 4366; x_wconf 88' lang='lat' dir='ltr'><strong>die</strong></span> <span class='ocrx_word' id='word_1_401' title='bbox 921 4313 966 4366; x_wconf 85' lang='lat' dir='ltr'><strong>vel</strong></span> <span class='ocrx_word' id='word_1_402' title='bbox 983 4312 1068 4365; x_wconf 84' lang='lat' dir='ltr'><strong>tercia</strong></span> <span class='ocrx_word' id='word_1_403' title='bbox 1087 4316 1221 4368; x_wconf 85' lang='lat' dir='ltr'><strong>exercitus</strong></span> <span class='ocrx_word' id='word_1_404' title='bbox 1240 4313 1274 4364; x_wconf 90' lang='lat' dir='ltr'><strong>ab</strong></span> <span class='ocrx_word' id='word_1_405' title='bbox 1293 4311 1363 4364; x_wconf 88' lang='lat' dir='ltr'><strong>obsi·</strong></span> 
     </span>
     <span class='ocr_line' id='line_1_44' title="bbox 192 4383 1365 4452; baseline -0.004 -14"><span class='ocrx_word' id='word_1_406' title='bbox 192 4385 274 4438; x_wconf 91' lang='lat' dir='ltr'><strong>dione</strong></span> <span class='ocrx_word' id='word_1_407' title='bbox 292 4385 410 4440; x_wconf 84' lang='lat' dir='ltr'><strong>recedet.</strong></span> <span class='ocrx_word' id='word_1_408' title='bbox 500 4389 527 4452; x_wconf 85' lang='grc'><strong>3)</strong></span> <span class='ocrx_word' id='word_1_409' title='bbox 547 4387 747 4438; x_wconf 83' lang='lat' dir='ltr'><strong>Teutonicorum</strong></span> <span class='ocrx_word' id='word_1_410' title='bbox 767 4387 943 4450; x_wconf 73' lang='lat' dir='ltr'><strong>Codaquellus</strong></span> <span class='ocrx_word' id='word_1_411' title='bbox 960 4385 1016 4437; x_wconf 79' lang='lat' dir='ltr'><strong>emit</strong></span> <span class='ocrx_word' id='word_1_412' title='bbox 1034 4385 1160 4450; x_wconf 76' lang='lat' dir='ltr'><strong>iutellepi.</strong></span> <span class='ocrx_word' id='word_1_413' title='bbox 1248 4383 1275 4450; x_wconf 87' lang='grc'><strong>4)</strong></span> <span class='ocrx_word' id='word_1_414' title='bbox 1292 4383 1365 4434; x_wconf 87' lang='lat' dir='ltr'><strong>Haec</strong></span> 
     </span>
     <span class='ocr_line' id='line_1_45' title="bbox 192 4455 1362 4523; baseline -0.003 -14"><span class='ocrx_word' id='word_1_415' title='bbox 192 4459 310 4510; x_wconf 80' lang='lat' dir='ltr'><strong>caedicio</strong></span> <span class='ocrx_word' id='word_1_416' title='bbox 328 4458 399 4521; x_wconf 80' lang='lat' dir='ltr'><strong>falso</strong></span> <span class='ocrx_word' id='word_1_417' title='bbox 417 4457 506 4521; x_wconf 78' lang='lat' dir='ltr'><strong>effecta</strong></span> <span class='ocrx_word' id='word_1_418' title='bbox 524 4463 562 4508; x_wconf 84' lang='lat' dir='ltr'><strong>est</strong></span> <span class='ocrx_word' id='word_1_419' title='bbox 579 4473 612 4508; x_wconf 81' lang='lat' dir='ltr'><strong>ea·</strong></span> <span class='ocrx_word' id='word_1_420' title='bbox 629 4473 657 4508; x_wconf 85' lang='lat' dir='ltr'><strong>ec</strong></span> <span class='ocrx_word' id='word_1_421' title='bbox 674 4459 744 4523; x_wconf 82' lang='lat' dir='ltr'><strong>quod</strong></span> <span class='ocrx_word' id='word_1_422' title='bbox 761 4464 854 4508; x_wconf 89' lang='lat' dir='ltr'><strong>auctor</strong></span> <span class='ocrx_word' id='word_1_423' title='bbox 867 4457 1075 4510; x_wconf 71' lang='lat' dir='ltr'><strong>Mediolanenses</strong></span> <span class='ocrx_word' id='word_1_424' title='bbox 1092 4457 1171 4520; x_wconf 82' lang='lat' dir='ltr'><strong>iufra</strong></span> <span class='ocrx_word' id='word_1_425' title='bbox 1185 4473 1215 4522; x_wconf 79' lang='lat' dir='ltr'><strong>p.</strong></span> <span class='ocrx_word' id='word_1_426' title='bbox 1228 4457 1271 4509; x_wconf 86' lang='lat'><strong>35.</strong></span> <span class='ocrx_word' id='word_1_427' title='bbox 1289 4455 1362 4520; x_wconf 84' lang='lat' dir='ltr'><strong>dicit,</strong></span> 
     </span>
     <span class='ocr_line' id='line_1_46' title="bbox 192 4527 1257 4597; baseline 0 -17"><span class='ocrx_word' id='word_1_428' title='bbox 192 4535 285 4580; x_wconf 85' lang='lat' dir='ltr'><strong>contra</strong></span> <span class='ocrx_word' id='word_1_429' title='bbox 301 4528 473 4595; x_wconf 76' lang='lat' dir='ltr'><strong>pricilepium</strong></span> <span class='ocrx_word' id='word_1_430' title='bbox 491 4529 643 4580; x_wconf 82' lang='lat' dir='ltr'><strong>concordiae</strong></span> <span class='ocrx_word' id='word_1_431' title='bbox 660 4529 728 4595; x_wconf 82' lang='lat' dir='ltr'><strong>ipsis</strong></span> <span class='ocrx_word' id='word_1_432' title='bbox 743 4535 895 4595; x_wconf 80' lang='lat' dir='ltr'><strong>potestatem</strong></span> <span class='ocrx_word' id='word_1_433' title='bbox 913 4530 947 4580; x_wconf 84' lang='lat' dir='ltr'><strong>ab</strong></span> <span class='ocrx_word' id='word_1_434' title='bbox 964 4532 1125 4597; x_wconf 82' lang='lat' dir='ltr'><strong>imperatore</strong></span> <span class='ocrx_word' id='word_1_435' title='bbox 1143 4527 1257 4580; x_wconf 84' lang='lat' dir='ltr'><strong>institui.</strong></span> 
     </span>
    </p>
   </div>
   <div class='ocr_carea' id='block_1_14' title="bbox 1135 4636 1152 4688">
    <p class='ocr_par' dir='ltr' id='par_1_15' title="bbox 1135 4636 1152 4688">
     <span class='ocr_line' id='line_1_47' title="bbox 1135 4636 1152 4688; baseline 0 0"><span class='ocrx_word' id='word_1_436' title='bbox 1135 4636 1152 4688; x_wconf 89' lang='lat'><strong>3</strong></span> 
     </span>
    </p>
   </div>
   <div class='ocr_carea' id='block_1_15' title="bbox 0 0 1686 5140">
    <p class='ocr_par' dir='ltr' id='par_1_16' title="bbox 0 0 1686 5140">
     <span class='ocr_line' id='line_1_48' title="bbox 0 0 1686 5140; baseline 0 0"><span class='ocrx_word' id='word_1_437' title='bbox 0 0 1686 5140; x_wconf 95' lang='lat' dir='ltr'><strong> </strong></span> 
     </span>
    </p>
   </div>
  </div>
 </body>
</html>
