3324 5146
298 525 334 582 86
406 520 531 577 GESTA
548 517 728 574 FEDERIOI
745 516 769 576 I.
788 516 870 576 IMP.
888 516 931 572 IN
949 515 1210 572 EXPEDITIONE
1230 515 1364 576 sacal.

213 720 290 774 1190.
300 703 539 786 quibusdam,
576 701 745 766 exercitus
776 692 896 765 entrab
930 699 1105 764 remansit.
1159 699 1227 765 Sed
1259 701 1341 783 quia
1369 698 1473 766 Greci

301 791 524 876 pemimium⁰
559 788 722 854 dicebant
750 789 798 852 eis
826 808 942 852 carum
972 788 1100 865 forum,
1132 784 1261 854 crevit‘l
1293 790 1385 854 inter
1414 809 1473 853 eos

301 901 426 963 magna
455 879 532 957 lis0,
569 871 626 942 ets
657 878 810 942 inierunt
832 876 965 942 bellum
988 879 1024 940 et
1047 880 1267 942 certaverunt
1296 897 1357 962 per
1386 878 1473 941 duos

301 970 372 1034 dies
389 972 424 1033 ct
441 969 548 1032 duasg
566 965 706 1032 noctes1
722 958 871 1049 absqueh
890 965 1071 1030 voluntate
1086 966 1312 1049 imperatoris.
1351 966 1473 1030 Viden·

300 1051 370 1122 tesi
408 1059 524 1121 autem
553 1054 655 1120 Greci
686 1075 722 1120 se
751 1055 843 1119 vinci
872 1054 1040 1138 fugerunt
1068 1054 1106 1116 in
1136 1055 1277 1119 civitate
1306 1059 1342 1119 ct
1364 1055 1474 1118 muni-

204 1170 237 1218 *a
245 1170 292 1215 seo.
300 1146 412 1210 tiones
443 1145 593 1210 civitatis
619 1140 808 1228 *ceperunt
865 1137 1015 1206 Posteak
1048 1137 1220 1207 inierunt¹
1261 1147 1402 1227 pactum
1438 1147 1474 1207 et

302 1235 471 1300 dederunt
494 1235 542 1298 eis
565 1232 695 1297 bonum
717 1233 848 1308 forum;
879 1232 940 1296 scd
969 1230 1192 1314 porrigebant
1222 1253 1300 1296 cum
1329 1231 1473 1296 funibus

301 1324 338 1388 in
353 1323 543 1387 canistrism
566 1324 601 1386 et
625 1321 809 1404 paneriis¹¹‚
834 1324 869 1384 ct
889 1321 955 1403 ipsi
971 1320 1092 1384 eodem
1107 1321 1209 1384 modo
1225 1321 1469 1404 porrigebant⁰

150 1435 292 1484 saaca).
302 1413 350 1476 eis
373 1431 540 1475 nummos.
587 1409 707 1472 ariste
736 1412 874 1472 autemq
906 1408 1093 1492 imperator
1123 1410 1166 1473 de
1197 1410 1336 1474 civitate
1360 1408 1473 1472 Phila·

302 1497 531 1584 delphym¹·*.
578 1498 722 1562 Postea⁸
751 1497 821 1560 dux
849 1496 944 1561 dedit
973 1497 1005 1560 ei
1032 1497 1205 1574 nuntium,
1237 1498 1296 1579 qui
1324 1497 1474 1562 debebat

303 1609 382 1652 eum
405 1589 539 1663 ducere,
564 1590 600 1651 et
620 1587 720 1649 duxit
735 1605 815 1650 eum
831 1605 891 1669 per
906 1589 1072 1649 montana
1095 1589 1131 1649 et
1153 1605 1303 1663 nemora,
1328 1581 1381 1650 ett
1403 1607 1474 1649 non

302 1678 508 1740 invenenmt
531 1674 717 1739 victualiau
744 1695 805 1758 per
828 1675 913 1738 duos
930 1674 1012 1738 dies.
1060 1674 1103 1737 ln
1120 1675 1215 1738 exitu
1230 1694 1310 1739 vero
1325 1675 1474 1738 nemoris

302 1766 509 1829 invenerunt
531 1764 697 1846 quosdam
721 1761 848 1828 Grecos
873 1766 908 1827 et
931 1764 1107 1840 Armenes,
1140 1765 1199 1845 qui
1228 1764 1398 1828 dederunt
1425 1763 1474 1826 eis

302 1852 390 1916 illud
410 1853 533 1930 forum,
558 1853 650 1935 quod
666 1855 865 1936 potuerunt.
911 1851 995 1916 Post
1018 1852 1082 1915 hec
1105 1852 1312 1916 invenerunt
1327 1852 1475 1915 Turcho

301 1947 442 2006 manosl
469 1942 511 2005 de
528 1941 666 2004 Bariaw.
713 1940 802 2004 Sunt
826 1941 918 2005 enim
941 1945 1093 2024 agrestes
1109 1940 1245 2017 Turchi,
1270 1941 1330 2023 qui
1352 1939 1472 2004 nullo¹

303 2029 502 2095 detinentur
530 2029 674 2112 imperio
698 2033 733 2093 et
757 2029 856 2093 nulla
884 2029 961 2093 loca
990 2030 1174 2113 possident,
1207 2030 1268 2093 sed
1297 2032 1476 2092 morantur

302 2120 339 2180 in
363 2119 464 2201 agris.
511 2115 606 2195 Quin
633 2117 820 2181 maximum
843 2122 879 2184 et
902 2119 1097 2182 infinitumz
1127 2119 1315 2182 exercitum
1339 2137 1476 2200 congre-

303 2209 501 2288 gaverant&
532 2205 583 2270 ita
607 2208 699 2289 quod
722 2207 908 2290 sperabant
932 2226 967 2272 se
991 2227 1089 2291 posse
1113 2226 1273 2290 superare
1297 2207 1477 2290 imperato·

302 2314 374 2358 rem
405 2298 440 2359 et
470 2293 598 2359 habere
626 2296 742 2360 omnia
764 2316 842 2373 sua;
874 2299 909 2360 et
938 2299 1182 2380 pugnaverunt
1212 2316 1289 2360 cum
1320 2314 1360 2359 eo
1391 2287 1472 2378 perl

303 2387 450 2465 quatuor
473 2383 682 2448 ebdomadas
706 2385 761 2448 die
784 2388 967 2466 noctuque,
992 2385 1043 2448 ita
1066 2387 1158 2467 quod
1182 2385 1350 2449 exercitus
1374 2384 1477 2467 impe-

302 2472 426 2536 ratoris
450 2492 582 2554 semper
605 2472 789 2538 incedebat
813 2476 975 2538 armatus.

347 2647 526 2712 Exercitus
542 2668 622 2712 vero
645 2649 862 2732 imperatoris
961 2649 1007 2712 nt
1034 2649 1211 2714 interfecit
1239 2669 1280 2714 ex
1303 2650 1351 2714 eis
1365 2650 1478 2713 maxi·

303 2755 464 2820 magnam
479 2737 741 2802 multitudinem
757 2758 799 2802 ex
814 2738 862 2802 eis
916 2759 1008 2802 mam
1031 2738 1292 2803 multitudinem
1316 2741 1352 2802 et
1375 2757 1478 2820 quen·

302 2825 863 2890 interiecit.Interfeceruntetiam
917 2827 997 2890 dam
1012 2827 1251 2909 amiragium⁰‚
1273 2827 1478 2910 magistrum

303 2915 475 2996 quendam
516 2915 713 2991 miratum,
759 2915 863 2998 magi-
917 2913 1040 2979 militie
1064 2934 1193 2979 eorum.

303 3007 413 3066 strum
436 3001 560 3087 militie
583 3021 710 3067 corum.
1242 3015 1244 3022 '

422 3475 448 3542 *)
465 3477 490 3528 Β
508 3477 601 3528 addit:
627 3475 732 3530 videns
758 3474 879 3544 dictand,
906 3475 980 3542 quod
1004 3493 1060 3529 non
1083 3479 1175 3545 posset
1197 3475 1331 3544 resistere,
1350 3475 1426 3529 venit
1444 3474 1480 3528 ad

464 3546 659 3614 imperatorem
678 3551 706 3601 et
723 3547 867 3615 permisite
890 3545 956 3600 dare
974 3545 1064 3600 forum
1084 3552 1111 3601 et
1130 3547 1222 3601 omnia
1240 3564 1293 3616 que
1311 3550 1403 3616 posset
1412 3546 1430 3601 ².

304 3725 327 3770 a)
340 3723 364 3762 in
379 3722 495 3762 ciuitatem
510 3726 533 3762 et
547 3723 597 3766 odd.
607 3723 632 3762 B.
641 3723 666 3764 P.
712 3723 736 3775 b)
749 3725 780 3762 eie
793 3723 854 3770 ΒΡ,
868 3723 927 3774 Iac.,·
941 3724 997 3763 deest
1011 3725 1037 3766 A.
1079 3724 1100 3776 o)
1113 3725 1228 3774 periurum
1242 3723 1269 3768 A.
1318 3722 1341 3773 d)
1356 3724 1439 3764 crescit
1452 3724 1478 3767 Β.

305 3778 326 3823 e)
341 3787 378 3816 eos
393 3775 497 3826 magralis
511 3775 542 3826 B3
565 3785 595 3818 cr.
609 3787 638 3818 m.
652 3775 679 3815 lle
694 3776 755 3816 intra
768 3778 795 3820 A.
855 3777 874 3826 f)
888 3782 911 3818 et
924 3799 950 3808 —
966 3781 1113 3818 certaverunt
1126 3790 1166 3821 om.
1176 3779 1203 3820 A.
1263 3777 1286 3829 g)
1300 3778 1357 3816 deest
1370 3777 1390 3816 Β
1404 3782 1423 3816 et
1437 3778 1479 3820 Sic.

305 3830 328 3878 h)
343 3839 371 3869 ex
386 3829 436 3872 add.
446 3830 473 3874 A.
527 3829 544 3878 i)
554 3827 663 3870 videntes
673 3850 699 3858 -
710 3830 802 3870 civitate
816 3841 857 3874 om.
867 3831 894 3880 B,
909 3832 946 3870 aad
960 3831 1290 3880 caruccacudapnellituaso
1304 3831 1479 3870 ostenderemus

304 3884 385 3932 Plpim'.
439 3882 463 3930 k)
478 3887 535 3932 etp.
549 3883 575 3925 B.
629 3881 646 3934 l)
660 3883 784 3923 innuerunt
797 3885 824 3926 A.
879 3885 909 3932 m)
924 3885 1034 3924 canestris
1048 3885 1074 3926 A.
1129 3884 1154 3935 n)
1167 3885 1280 3934 paneariis
1295 3886 1326 3934 A;
1348 3885 1373 3923 ln
1386 3895 1438 3934 pan.
1452 3883 1479 3926 Β.

305 3939 327 3984 o)
341 3936 463 3985 portabant
476 3938 503 3978 A.
577 3937 601 3984 p>
614 3934 694 3976 linivit
707 3937 734 3978 A.
809 3939 926 3986 inpostea
940 3938 966 3980 Β.
1034 3939 1054 3986 r)
1069 3936 1238 3988 philedelphym
1252 3938 1282 3988 B;
1305 3935 1438 3977 Philadalfle
1452 3937 1478 3978 A.

305 3989 324 4039 s)
339 3994 362 4028 et
375 4000 396 4038 p.
411 3990 436 4032 Β.
499 3991 516 4038 1)
529 3990 586 4028 deest
600 3989 626 4031 A.
687 3989 711 4040 u)
725 3989 779 4032 vict
792 4010 818 4018 —
832 3990 971 4031 invenerunt
984 4002 1025 4034 om.
1038 3992 1064 4034 A.
1119 3993 1142 4038 v)
1156 3991 1308 4030 'I'nrcomanos
1323 3993 1354 4041 A;
1377 3990 1479 4030 turchos·

305 4053 382 4081 manos
396 4042 426 4092 B3
443 4043 535 4082 turchos
550 4043 596 4085 lnv.
610 4053 687 4082 manos
702 4043 731 4093 P3
747 4043 840 4092 Turcos,
851 4043 934 4084 Marios
948 4045 1020 4093 Rpin.
1074 4045 1104 4092 w)
1118 4044 1190 4084 Berua
1203 4045 1233 4094 A;
1249 4044 1315 4084 Betis
1330 4043 1381 4094 Sic.;
1396 4044 1479 4085 bariae.

305 4099 408 4143 nagestee
425 4095 499 4134 turchi
513 4096 544 4146 B;
566 4095 676 4135 Debariss
690 4099 714 4135 et
727 4096 836 4145 Nagcstes
850 4097 923 4144 Pipin.
983 4099 1007 4146 x)
1020 4097 1052 4136 etc
1065 4097 1126 4142 ΑΡ,
1141 4098 1180 4140 Sir.
1196 4098 1242 4140 Iac.
1256 4097 1340 4146 len.;
1361 4097 1385 4136 ln
1399 4096 1438 4135 illo
1452 4096 1479 4140 B.

306 4150 329 4198 y)
342 4148 373 4185 sic
387 4147 413 4189 B.
423 4147 453 4195 P;
467 4149 487 4186 Ii
502 4151 528 4191 A.
582 4151 602 4196 z)
616 4149 647 4188 sir
660 4148 686 4190 B.
696 4149 721 4191 P.
735 4149 807 4198 Plptn.
820 4149 896 4199 (Sic.),·
909 4161 968 4192 max.
982 4161 1017 4192 cx.
1031 4151 1071 4192 lnf.
1086 4151 1112 4194 A.
1166 4153 1188 4199 a)
1202 4151 1232 4189 aa
1246 4151 1273 4192 A.
1287 4151 1372 4199 Ptpin.,·
1387 4160 1479 4198 congre·

305 4204 418 4250 generunt
430 4201 456 4241 B.
510 4202 533 4248 b)
547 4203 577 4240 cic
591 4202 651 4246 B.P.
666 4202 719 4251 Βίῳ
740 4203 796 4241 deest
810 4203 837 4244 A.
891 4205 956 4252 c)s1'c
969 4203 1020 4242 Pet
1034 4204 1054 4242 Β
1068 4205 1145 4254 tntra5
1162 4203 1241 4246 admir.
1255 4205 1275 4242 Β
1289 4204 1310 4246 h.
1326 4205 1340 4246 l.
1394 4201 1418 4251 d)
1432 4201 1479 4242 dux

306 4254 423 4302 lacendum.
478 4255 499 4302 e)
513 4255 616 4303 promisit
629 4255 747 4303 leuandus».

307 4413 333 4478 1)
350 4414 420 4466 Sane
438 4411 486 4464 hoc
504 4413 606 4477 falsum
623 4420 668 4468 cst.
705 4413 802 4480 Puqm
825 4422 919 4468 eaorta
941 4431 1004 4468 moa
1022 4423 1046 4468 et
1064 4423 1130 4468 certe
1152 4417 1238 4470 eodem
1260 4417 1302 4468 dic
1323 4416 1416 4468 sedatu
1433 4421 1479 4470 cst.

306 4485 333 4550 2)
350 4485 422 4536 Haec
437 4500 580 4552 perperam
598 4485 693 4536 addita
712 4501 764 4537 cese
779 4493 860 4552 potet.
