3324 5146
296 451 333 504 56
404 444 530 500 (issia
548 442 727 498 Flentium
745 443 770 498 Ι.
788 441 1055 496 IMPERATORIS
1072 441 1116 494 n·
1133 439 1373 495 LOMBARDIA.

211 646 289 700 1163.
299 633 418 713 captos
452 627 577 710 coegit.
633 625 820 707 Magister
858 617 1087 706 pagani-¹.
1123 625 1183 706 qui
1217 623 1402 687 habitabat
1435 625 1474 686 in

298 715 494 791 Baradella
522 735 583 799 per
604 718 720 778 totum
742 714 979 797 episcopatum
1002 712 1237 776 Cumanorum
1258 733 1377 776 omues
1401 734 1473 796 pos-

298 807 465 872 sessiones
487 803 799 868 Mediolanensium
826 801 1025 885 possidebat
1052 805 1088 865 et
1110 801 1275 866 habebat.
1320 802 1472 864 Advoca-

297 899 376 960 tuse
410 913 546 977 quoque
574 885 778 956 llostcnsis‘l
811 891 990 954 Ιιῑιιιιιήὶἰθ
1025 894 1061 954 et
1090 910 1208 954 omues
1244 891 1473 974 possessiones

299 984 559 1068 capitaneorum
593 982 636 1045 de
666 979 855 1045 Mandello.
890 1000 975 1061 quas
1008 979 1187 1042 habebant
1219 981 1257 1041 in
1291 973 1470 1062 partibusf

300 1072 543 1156 Sapricnsium,
566 1069 720 1134 tenebat.
815 1068 862 1130 Et
884 1089 926 1132 ea
948 1071 1059 1132 estate
1082 1069 1269 1131 hedificata
1291 1072 1345 1131 est
1366 1069 1473 1130 turris

299 1181 366 1244 que
396 1161 492 1224 dicta
519 1162 598 1223 esti
630 1157 863 1241 Triumphalis
897 1157 935 1219 in
963 1157 1073 1238 burgo
1102 1150 1267 1232 Nocetih.
1304 1160 1340 1220 et
1369 1157 1473 1220 boves

298 1250 506 1314 rusticorum
548 1247 794 1310 iurisdictionis
837 1247 988 1329 episcopi
1026 1239 1247 1310 Leodiensisi
1291 1249 1473 1309 traxerunt

299 1358 416 1403 omnes
452 1337 585 1420 lapides
619 1339 655 1399 et
689 1334 849 1398 sabulum
883 1355 905 1398 a
938 1335 1081 1398 civitate
1089 1335 1112 1394 ².
1169 1334 1300 1398 Eadem
1337 1355 1473 1416 quoque

299 1430 410 1492 estate
433 1425 608 1489 Modoetie
631 1423 805 1507 palacium
828 1427 968 1506 ceptum
989 1423 1069 1498 fuit,
1101 1427 1137 1486 et
1160 1424 1264 1486 boves
1286 1417 1471 1486 undecimlx

299 1515 454 1600 plebium
468 1518 560 1577 terre
575 1511 766 1577 Mediolani
788 1511 922 1595 lapides
945 1533 967 1575 a
989 1513 1131 1575 civitate
1153 1511 1204 1575 ibi
1226 1511 1279 1574 bis
1302 1513 1340 1574 in
1355 1532 1473 1575 meuse

299 1596 508 1668 vehebant¹.
555 1602 648 1665 Item
676 1604 761 1664 tuuc
789 1600 962 1684 palacium
990 1602 1036 1664 ad
1059 1601 1340 1683 Vegiantinumm
1363 1605 1399 1664 et
1422 1620 1473 1663 ca-

299 1692 440 1756 stelium
463 1691 507 1755 de
530 1690 727 1753 Landriano
756 1689 1018 1766 hedificabatur,
1050 1694 1087 1753 et
1114 1690 1218 1753 boves
1240 1689 1473 1754 Mediolanen-

299 1781 387 1846 sium
423 1779 583 1844 similiter
612 1799 633 1842 a
663 1779 804 1842 civitate
837 1778 888 1842 ibi
917 1779 1042 1842 vehere
1072 1777 1295 1860 cogebantur.
1348 1778 1474 1842 Postea

207 1891 263 1940 sepe.
271 1893 290 1934 1.
299 1890 380 1934 vero
410 1870 501 1934 circa
530 1867 610 1931 Kal.
636 1867 848 1950 Septembris
876 1868 973 1930 venit
1002 1867 1186 1931 Fedcricus
1215 1867 1374 1941 clericus,
1405 1888 1473 1930 ma-

298 1959 407 2041 gister
429 1957 600 2021 scolarum
623 1956 746 2030 dictim,
777 1955 921 2018 missusn
948 1955 992 2018 ab
1016 1956 1176 2038 episcopo
1199 1957 1382 2019 Leodiensi
1404 1956 1473 2019 Me

300 2046 487 2120 dicionem,
518 2065 654 2108 omnem
684 2047 893 2127 potestatem
922 2043 1026 2108 Petro
1056 2046 1100 2108 de
1123 2043 1289 2108 Oumiuo⁰
1317 2044 1472 2117 abstulit.

300 2135 462 2218 quoniam
491 2133 673 2197 audieratp
700 2133 889 2216 episcopus,
920 2134 1013 2214 quod
1035 2133 1159 2197 Petrus
1182 2133 1243 2196 ille
1266 2132 1378 2196 maleq
1404 2133 1473 2196 Me·

300 2223 516 2288 diolanenscs
550 2225 771 2286 mactaverat.
829 2221 897 2285 Sed
931 2223 997 2286 iste
1030 2222 1215 2286 Dedericus
1250 2223 1404 2285 auariorr
1438 2224 1473 2284 et

299 2313 454 2378 tenacior
477 2311 581 2375 Petro
603 2311 683 2374 fuit.
729 2310 820 2373 Nam
841 2313 966 2384 totum.
996 2312 1088 2393 quod
1110 2311 1235 2374 Petrus
1259 2311 1302 2373 de
1325 2313 1467 2391 quartos

300 2405 337 2466 et
359 2401 440 2464 ficto
463 2396 589 2464 terciot
619 2398 724 2462 alicui
745 2399 933 2476 remiserat,
958 2401 995 2462 in
1018 2399 1167 2462 solidum
1191 2399 1340 2480 eregitl.
1579 2417 1582 2423 ¹

248 2509 291 2552 oo.
408 2489 602 2572 Imperator
625 2507 705 2551 vero
728 2506 845 2551 mense
867 2487 1031 2552 Octobrio
1061 2489 1215 2571 proximo
1237 2486 1365 2551 tertio3
1388 2486 1472 2548 Lon·

301 2578 457 2642 bardiam
491 2576 634 2639 intravit
669 2579 704 2639 et
738 2576 834 2639 venit
868 2577 1001 2652 Laude,
1038 2577 1164 2640 deinde
1198 2576 1285 2639 abiit
1319 2575 1472 2658 Papiam.

196 2686 291 2730 rota.
302 2665 432 2731 Octavo
455 2666 573 2747 itaque
589 2664 668 2728 Kal.
686 2663 895 2742 Decembris,
921 2666 1138 2748 congregatis
1157 2665 1315 2729 omnibus
1331 2663 1473 2746 Papien·

301 2755 404 2830 sibus,
429 2754 583 2838 precepit
605 2754 664 2829 eis,
688 2757 730 2816 ut
746 2753 943 2817 civitatemv
962 2754 1144 2818 Terdonew
1159 2774 1221 2837 pro
1245 2752 1388 2816 arbitrio
1412 2773 1473 2814 suo

302 2845 532 2920 destruerent,
569 2843 661 2925 quod
696 2843 835 2924 quidem
868 2843 941 2907 sine
970 2863 1066 2906 mora
1094 2843 1293 2917 fecerunt¹,
1329 2841 1473 2924 proinde

301 2933 513 3086 bittit
532 2931 735 3083 petilii&
743 2931 1340 3102 ittttttitttitttttt
1362 2929 1473 3082 titi

302 3111 357 3174 die
388 3108 598 3184 Decembris,
633 3101 764 3171 maresb
799 3112 835 3172 et
869 3109 1030 3172 mulieres
1064 3109 1159 3172 illius
1195 3108 1296 3190 burgi
1325 3107 1468 3170 Noceti⁰

302 3233 431 3240 —-———
437 3233 514 3240 .----

579 3263 794 3328 Oodcpcciii
816 3263 982 3314 Libellus
1005 3265 1199 3318 tristitiae.

248 3342 292 3436 (ἐξ)
408 3350 564 3420 Imperator
581 3367 646 3404 vero
663 3367 756 3404 mense
769 3349 905 3404 Octubrid
920 3350 1046 3418 proximo
1065 3351 1146 3403 tertio
1159 3350 1345 3404 Lonbardiam
1363 3350 1475 3403 intrauit

287 3427 330 3477 'ct
348 3422 423 3476 venii
441 3422 545 3490 Laude,
564 3421 663 3476 deinde
683 3421 749 3474 abiit
767 3420 890 3490 Papiam.
928 3421 1032 3475 Octavo
1051 3421 1143 3490 itaque
1161 3421 1224 3477 Kal.
1245 3422 1403 3476 Decembris

409 3500 511 3562 Anno
534 3499 703 3562 dominice
725 3499 974 3561 incarnationis
990 3497 1192 3562 MOLXIII.
1217 3510 1390 3580 congregatis
1408 3509 1474 3562 ita-

302 3599 370 3650 que
388 3581 514 3634 omnibus
533 3580 713 3649 Papicnsibus
732 3611 766 3620 -
785 3611 819 3620 -
838 3582 988 3646 solverent3
1008 3581 1201 3637 absolverunt.

303 3727 324 3770 a)
340 3724 371 3762 sic
385 3724 409 3766 A.
420 3724 450 3772 P,
471 3723 582 3762 Martinus
596 3723 622 3765 Β.
682 3723 705 3769 b)
719 3719 847 3761 baradclius
862 3723 910 3771 det„
925 3725 945 3760 ct
958 3734 1064 3771 superscr.
1079 3735 1179 3773 paganus
1194 3725 1220 3766 A.
1282 3725 1302 3772 c)
1317 3721 1434 3762 Aducatus
1450 3723 1476 3764 A.

303 3776 326 3828 d)
341 3777 461 3817 hostiensis
476 3777 508 3827 A;
530 3776 640 3815 Ostiensis
656 3775 752 3817 Colchus.
812 3777 833 3822 c)
846 3777 877 3813 sic
892 3766 974 3816 timisti
987 3777 1014 3826 B,
1033 3779 1091 3826 quod
1104 3779 1174 3816 natio
1189 3789 1218 3816 on
1232 3781 1357 3825 corruptum
1371 3777 1405 3818 sit.
1437 3777 1477 3814 Ubi

302 3833 366 3868 situm
381 3831 416 3880 cit,
432 3831 521 3878 ipnoro,·
541 3829 619 3868 iluirin
634 3829 660 3870 A.
713 3829 822 3878 ssprrtcs
837 3829 863 3870 A.
917 3832 939 3877 g)
954 3829 997 3868 fuit
1011 3831 1071 3872 B.P.
1126 3831 1149 3878 h)
1163 3832 1255 3870 nocenti
1269 3831 1296 3880 A,
1318 3831 1355 3868 ubi
1369 3831 1392 3867 in
1406 3841 1476 3878 scorp.

303 3884 380 3923 Turris
396 3885 492 3934 Nocete3
515 3881 595 3922 nccedi
609 3883 640 3931 B;
662 3881 739 3921 nuccii
753 3882 777 3924 P.
836 3882 851 3930 i)
866 3880 980 3921 laudensis
995 3884 1020 3925 B.
1076 3883 1099 3932 k)
1113 3882 1283 3923 undecimarum
1296 3884 1323 3925 B,
1377 3883 1393 3929 l)
1407 3883 1477 3921 vehe-

303 3937 386 3976 bantur
399 3938 426 3980 A.
499 3935 700 3984 mitigandum
714 3935 740 3976 A.
815 3938 838 3984 n)
853 3939 888 3975 est
906 3936 957 3977 add.
972 3940 998 3979 A.
1065 3940 1087 3985 o)
1101 3937 1175 3977 Ounin
1190 3938 1216 3979 A.
1291 3935 1315 3987 p)
1328 3934 1436 3975 audiebat
1450 3937 1476 3976 B.

303 3991 326 4039 q)
340 3990 406 4028 mello
421 3991 447 4031 A.
502 3991 521 4036 r)
536 3993 607 4030 etav.
623 3991 646 4028 ct
661 3988 758 4028 tenaticr
773 3989 799 4030 B.
853 3991 872 4037 s)
886 3994 977 4038 quattro
991 3990 1018 4030 A.
1070 3994 1087 4038 t)
1102 3992 1116 4033 f.
1131 3991 1275 4031 etabcuiB.
1328 3988 1351 4040 u)
1366 3989 1437 4037 exigit
1450 3989 1477 4031 B.

304 4048 327 4090 v)
340 4043 371 4080 sic
385 4045 411 4084 A.
421 4043 451 4090 P,·
473 4042 506 4082 cis
524 4042 548 4080 in
563 4042 656 4082 ciuitate
670 4042 696 4084 Β.
777 4045 807 4090 w)
825 4043 855 4082 sic
868 4043 934 4090 Β.Ρ,·
955 4044 1086 4082 Derthonae
1100 4046 1127 4086 A.
1208 4046 1232 4092 x>
1250 4044 1353 4082 facerent
1366 4046 1390 4082 et
1404 4053 1437 4091 pr.
1451 4043 1476 4082 B.

304 4098 327 4146 y)
341 4106 390 4144 cop.
404 4105 497 4146 peccun.
512 4096 537 4137 B.
599 4097 618 4144 z)
633 4093 780 4138 Mortuus
844 4097 865 4144 a)
880 4096 1039 4144 chlentinum
1053 4098 1079 4139 A.
1140 4097 1163 4144 b)
1182 4097 1308 4136 homines
1328 4100 1351 4135 ct
1369 4095 1476 4134 milites

304 4148 334 4190 iii.
349 4149 375 4192 B.
429 4147 450 4199 c)
464 4149 525 4188 nocti
540 4149 565 4191 A.
620 4147 643 4197 d)
657 4149 756 4188 octubris
771 4150 795 4191 P.

306 4272 330 4338 1)
352 4272 392 4324 De
414 4287 465 4339 quo
483 4273 540 4324 viic
559 4273 650 4328 Acori).
670 4274 741 4328 Mor.
760 4281 784 4326 ct
803 4275 877 4328 Ccot.
893 4275 982 4328 Laod.
998 4292 1027 4342 p.
1041 4276 1101 4329 639.
1116 4276 1183 4335 643,·
1204 4275 1319 4338 Giuiioi,
1341 4274 1428 4326 ‘Mora
1448 4273 1479 4323 di

304 4343 419 4396 Miicoo'
437 4342 492 4410 ΙΙΙ,
510 4360 538 4411 p.
552 4346 613 4399 645.
702 4345 729 4412 2)
746 4345 810 4400 Scit.
829 4346 978 4397 Mediolani
995 4347 1097 4400 diruto.
1190 4346 1217 4412 3)
1234 4345 1258 4399 Ι.
1277 4362 1297 4400 c.
1317 4347 1397 4396 tertio
1416 4345 1476 4410 vice,

303 4430 356 4467 oon
376 4413 428 4469 Oct.
448 4417 473 4480 3,
493 4421 523 4466 ut
541 4415 621 4467 Petiz
638 4417 828 4483 interpretetus
845 4423 891 4471 cst.
