3324 5146
276 525 311 578 98
381 519 434 576 ux
453 519 584 576 IAOOBI
602 519 793 589 AQUENSIS
812 519 980 576 ORONIOA
997 519 1192 576 YMAGINIS
1210 520 1346 578 MUNDI.

442 696 544 767 Quor
562 695 721 752 Multus
741 695 841 754 SUNT
859 696 1013 753 MORTUI
1031 696 1072 750 IN
1090 696 1181 752 ISTA
1199 695 1278 754 VIA.

382 793 486 856 Modo
514 792 691 856 videamus
699 790 720 853 1.
774 791 967 876 Imperator
996 793 1126 875 primus
1150 792 1359 869 Fredericus,
1389 795 1449 876 qui

276 881 389 945 dietus
419 884 472 946 est
502 880 724 958 Barbarossa,
755 879 875 945 volens
904 881 953 944 ire
987 882 1031 944 ad
1060 883 1189 945 terram
1219 886 1375 946 sanctam
1405 884 1448 947 de

275 969 463 1034 Ierusalem
487 969 578 1052 cepit
600 969 668 1033 iter
690 989 791 1032 suum
814 970 857 1033 de
880 969 1073 1046 Alamania,
1099 971 1188 1033 sieut
1212 971 1448 1054 supradictum

276 1061 338 1134 est,
370 1079 448 1122 eum
474 1053 668 1122 LXXXXM
692 1059 848 1141 equitum
878 1058 1143 1122 christianorum
1173 1063 1382 1123 armatorum
1412 1065 1449 1124 et

275 1143 371 1210 XXM
394 1148 551 1230 peditum
578 1147 820 1229 sagitariorum
843 1167 921 1210 eum
945 1146 1014 1211 alio
1037 1147 1165 1230 vulgus
1192 1148 1446 1212 innumerabili.

275 1235 321 1299 Et
344 1236 472 1299 vadens
495 1255 556 1318 per
570 1237 699 1299 terram
714 1255 830 1300 versus
853 1240 969 1320 partes
985 1235 1155 1318 aquilonis
1175 1255 1236 1320 per
1251 1237 1323 1300 vias
1347 1239 1448 1322 pessi-

275 1345 347 1388 mas
370 1324 528 1408 pervenit
550 1324 588 1386 in
604 1324 796 1387 Aminiam
819 1324 915 1406 quasi
939 1323 1031 1388 infra
1054 1318 1219 1388 annumb.
1264 1323 1311 1388 Et
1333 1327 1448 1390 inven-

274 1416 350 1475 tum
380 1415 446 1489 est,
482 1413 574 1495 quod
607 1413 706 1494 quasi
740 1433 858 1477 omnes
892 1413 1025 1496 pedites
1056 1413 1184 1478 mortui
1214 1417 1295 1478 sunt
1325 1413 1381 1479 vel
1410 1415 1448 1478 in

274 1500 391 1584 preliis
414 1500 470 1566 vel
498 1501 535 1564 in
563 1501 826 1584 asperitatibus⁰
854 1502 925 1578 vie3
957 1502 999 1566 de
1029 1502 1198 1566 militibus
1229 1506 1346 1568 autem
1375 1523 1447 1587 per-

275 1590 365 1654 didit
380 1585 476 1653 XXM
492 1589 648 1672 equitum
671 1593 890 1667 armatorum,
915 1594 950 1654 et
972 1594 1068 1654 totus
1083 1591 1208 1674 vulgus
1225 1596 1447 1676 consumptus

275 1681 337 1742 est.
384 1677 429 1741 Et
452 1677 525 1762 ipse
548 1677 672 1742 ultimo
695 1679 841 1742 moritur
864 1681 899 1743 et
921 1679 1031 1742 nichil
1060 1680 1102 1743 de
1126 1681 1310 1764 proposit0,
1342 1701 1447 1763 quare

274 1767 394 1844 iverat,
423 1765 509 1831 feeit
531 1770 671 1851 propter
693 1767 858 1850 predicta,
887 1787 953 1850 que
980 1768 1176 1852 impediunt
1199 1787 1288 1832 eum.
1335 1769 1448 1834 Causa

275 1857 400 1933 autem,
431 1875 536 1938 quare
566 1875 628 1938 per
654 1859 783 1920 terram
805 1856 902 1920 vadit
926 1860 961 1920 et
983 1877 1054 1920 non
1077 1877 1138 1940 per
1162 1877 1264 1936 mare,
1296 1860 1358 1924 hee
1383 1863 1445 1936 est,

273 1947 315 2008 ut
344 1945 536 2008 comuniter
565 1944 702 2020 dicitur,
733 1945 815 2027 quia
844 1940 1030 2028 astrologid
1062 1946 1237 2024 dixerunt,
1271 1947 1363 2029 quod
1393 1949 1446 2011 de·

274 2031 379 2097 bebat
408 2033 495 2096 mori
524 2033 559 2095 in
591 2033 710 2115 aqua2.
758 2032 803 2096 Et
832 2033 910 2098 ideo
939 2034 1032 2116 ipse⁰
1060 2034 1179 2099 volens
1208 2055 1313 2118 aquas
1336 2037 1446 2100 vitare

273 2124 414 2204 propter
443 2141 567 2203 aquam
597 2121 785 2185 suffocatus
815 2124 878 2186 est.
923 2116 1011 2186 Perf
1044 2143 1168 2205 aquam
1199 2128 1315 2188 autem
1343 2125 1446 2188 maris

273 2210 453 2274 transisset
474 2213 569 2273 totus
593 2210 762 2274 exereitus
785 2211 821 2273 in
845 2210 979 2276 tribusg
1003 2211 1059 2276 vel
1082 2212 1190 2274 IIII⁰r
1213 2213 1387 2277 mensibus
1411 2217 1446 2278 et

273 2298 347 2362 sine
376 2291 545 2362 marimoh
572 2298 689 2363 labore
712 2293 784 2364 vel¹
815 2299 979 2384 periculo.
1026 2300 1095 2364 Sed
1124 2321 1185 2384 per
1210 2302 1310 2374 viam,
1342 2322 1446 2384 quam

272 2386 428 2465 fecimus,
456 2387 575 2450 nullus
598 2391 714 2471 posset
736 2382 961 2471 ymaginarek
987 2389 1175 2472 gravitates
1199 2393 1235 2453 et
1257 2385 1444 2474 perieula¹,

273 2476 339 2539 nisi
373 2496 450 2553 nos,
486 2477 545 2559 qui
579 2477 709 2539 fuimus
743 2476 821 2540 ibim
851 2480 907 2542 et¹¹
940 2478 1088 2542 vidimus
1119 2482 1154 2542 et
1183 2479 1313 2542 maiora
1342 2499 1446 2562 quam

273 2563 464 2628 scribimus.

273 2737 295 2784 a)
308 2737 339 2775 sic
352 2736 414 2780 codd.
468 2736 491 2784 b)
505 2747 579 2776 amum
588 2739 615 2780 Δ.
670 2739 690 2786 e)
704 2735 811 2787 adaperit.
825 2738 902 2782 ΒΗ.
957 2737 980 2788 d)
993 2737 1117 2788 adstrologi
1130 2739 1178 2782 31.
1188 2741 1207 2782 2.
1262 2739 1283 2792 e)
1297 2741 1353 2780 deest
1366 2740 1444 2782 Bra

272 2789 334 2840 0119
348 2789 396 2832 Ba.
437 2790 549 2840 mutibus
564 2791 616 2834 add.
629 2791 678 2832 132.
719 2791 742 2840 h)
757 2801 845 2841 magno,
859 2793 1076 2840 superseminatum
1091 2793 1117 2836 A.
1158 2793 1174 2842 i)
1188 2793 1273 2836 02131.
1283 2795 1302 2836 2,
1345 2791 1369 2841 k)
1383 2805 1445 2844 yme-

273 2843 346 2891 gunea
360 2853 418 2886 coer.
432 2843 563 2894 ymaginsre
577 2844 604 2886 A.
658 2844 674 2893 l)
688 2845 773 2894 periclo
787 2845 807 2884 B
816 2845 836 2888 2.
890 2847 921 2894 m)
934 2846 991 2885 deest
1004 2846 1031 2890 Δ.
1085 2849 1108 2894 ιι)
1122 2845 1131 2886 ἱ
1144 2847 1231 2896 (susm)
1244 2847 1264 2886 B
1273 2846 1292 2889 2.

268 2985 301 3055 ¹1)
318 2985 472 3052 Sequuntur
486 2986 564 3038 uerba
576 2985 674 3050 Iurobi,
694 2988 742 3053 qui
758 2988 787 3037 iu
805 2987 858 3052 siue
875 2987 972 3054 cupitis
989 2988 1026 3038 ad
1044 2988 1122 3040 verbu
1139 2989 1280 3040 relationis
1297 2991 1446 3056 exscriptus

271 3057 352 3108 redit.
390 3057 431 3120 Cf.
453 3057 496 3110 Ἢ.
515 3057 627 3109 Areliu’
645 3058 739 3123 XVII,
761 3075 790 3124 p.
808 3060 911 3125 507sq.
1001 3058 1028 3125 2)
1050 3059 1139 3126 Lenye
1163 3059 1263 3127 lateque
1285 3060 1328 3112 lu'e
1349 3075 1446 3112 rumor

273 3127 427 3192 diuulqutus
444 3133 516 3184 erut„
548 3127 620 3179 Nam
636 3135 745 3194 praeter
758 3129 855 3184 Cluen.
872 3129 972 3184 Puron.
990 3135 1014 3181 et
1026 3129 1126 3184 Chrou.
1136 3137 1209 3198 pout.
1228 3137 1252 3182 et
1269 3132 1334 3198 Imp.
1347 3131 1443 3195 Maut,

272 3199 303 3248 iu
333 3198 428 3264 quibus
458 3198 598 3250 Historiae
624 3199 781 3252 Fredericae
810 3202 937 3266 citantur,
968 3201 1026 3252 eius
1055 3204 1210 3254 ouationem
1240 3203 1345 3266 fuciunt
1373 3205 1445 3256 Auu.

272 3268 416 3336 Eymuud,
436 3268 486 3322 SS.
499 3269 579 3334 XVI,
596 3287 624 3338 p.
637 3271 706 3332 470,·
724 3272 795 3325 Anu.
808 3271 924 3326 Placent.
939 3272 1007 3336 aab,
1027 3271 1075 3326 SS.
1088 3273 1198 3338 XVIII,
1217 3291 1245 3340 p.
1258 3275 1326 3333 467,·
1346 3273 1444 3326 Chrou.

272 3339 346 3394 Meti.
364 3341 445 3406 univ,
465 3339 514 3394 SS.
528 3341 635 3407 XXIV,
651 3358 682 3410 p.
695 3343 763 3403 5123·
782 3341 881 3397 Chrou
896 3341 1004 3396 Goslur.
1022 3359 1043 3397 c.
1057 3346 1100 3408 13,
1122 3343 1258 3396 ‘Deutsche
1277 3343 1386 3398 Olurou!
1404 3344 1443 3410 II,

269 3427 298 3477 p.
312 3411 372 3465 595.
411 3411 452 3475 Cf.
471 3428 557 3478 supra
572 3429 601 3479 p.
616 3415 657 3467 79.
677 3413 719 3466 91.
