3324 5146
296 515 421 571 GESTA
439 515 619 570 FEDERIOI
637 515 660 572 1.
679 515 945 572 IMPERATORIS
963 517 1006 571 IN
1024 517 1262 576 LOMBARDIA.
1335 525 1368 578 61

197 700 375 765 caliditate
399 700 625 782 quorumdam
648 699 775 763 habere
799 720 870 762 non
892 701 1016 783 potnit.
1059 702 1142 765 Post
1165 703 1251 765 heca
1277 720 1456 780 ver0,1167.

196 809 274 852 cum
297 790 367 852 iam
390 781 605 863 audissent¹‘‚
631 788 722 869 quod
745 787 799 850 illi
817 789 860 852 de
876 789 1363 873 111666111666616616661616ο

196 877 395 941 civitatibus
430 871 693 957 11666616116116(1
730 877 915 953 iurassent,
952 878 1119 942 ducentos
1155 879 1290 943 obsides
1326 881 1368 944 de

196 965 424 1048 burgensibus
454 965 538 1026 tulit
569 968 604 1028 et
635 985 692 1028 eos
719 965 825 1048 Papie
856 967 1092 1030 incarceravit.
1144 968 1235 1031 Item
1265 968 1368 1052 paulo

195 1059 274 1138 post
303 1057 443 1118 centum
467 1054 529 1116 (16θ
557 1053 726 1116 militibus
757 1055 890 1137 petivit,
922 1056 981 1137 qui
1011 1056 1039 1118 si
1069 1055 1180 1119 altera
1210 1056 1265 1120 die
1296 1057 1369 1120 dati

195 1164 265 1206 non
288 1142 446 1216 fuissent,
472 1141 597 1223 burgos
621 1162 657 1205 se
681 1143 938 1206 destructurum
961 1145 1133 1207 adiutorio
1148 1145 1369 1227 Papiensium

196 1235 231 1294 et
260 1231 491 1314 Sepriensium
521 1230 617 1292 dixit.
665 1229 733 1293 Sed
764 1231 882 1294 divina
911 1232 1106 1315 opitulante
1136 1233 1369 1296 misericordia

194 1321 344 1401 quadam
367 1319 538 1381 industria
562 1321 597 1381 et
621 1319 809 1400 sagacitate
825 1319 1048 1402 burgensium
1064 1322 1211 1385 maxime
1234 1322 1368 1384 tamdiu

194 1407 306 1470 verbis
337 1407 498 1470 inretitus
528 1410 590 1480 est,
622 1407 714 1488 quod
743 1402 859 1471 Deusf
891 1409 1102 1472 adiutorium
1131 1430 1231 1472 suum
1261 1409 1367 1473 dedit.

195 1495 335 1559 Interea
364 1495 549 1578 Papienses
579 1494 742 1558 conscilio
773 1496 893 1560 habito
923 1497 1098 1561 Modoetie
1129 1499 1174 1561 ad
1203 1499 1368 1580 quosdam
1378 1521 1420 1568 (6)

195 1585 237 1647 de
254 1583 482 1666 burgensibus
502 1584 599 1665 quasi
623 1585 668 1647 ad
691 1585 842 1667 privatos
860 1586 985 1648 amicos
1001 1587 1145 1649 nuncios
1162 1587 1366 1668 dirigebant,

194 1677 261 1735 utg
286 1673 437 1756 pretiosa
453 1692 586 1754 queque
602 1672 745 1754 Papiam
761 1674 948 1750 mitterent,
973 1675 1101 1738 fiducia
1121 1674 1259 1758 publice
1276 1675 1367 1750 data,

194 1765 310 1825 utres
335 1765 370 1824 et
393 1781 537 1844 persone
560 1761 655 1826 salve
678 1764 802 1825 essent.
850 1762 918 1826 Sed
948 1766 1067 1845 postea
1096 1766 1283 1844 coegerunt
1311 1764 1368 1826 ho·

194 1851 303 1914 mines
319 1848 559 1912 habitaculum
582 1849 631 1912 ibi
654 1850 768 1914 iurare
788 1854 822 1913 et
837 1870 891 1914 res
907 1871 977 1914 non
993 1852 1223 1934 permiserunt
1238 1852 1367 1915 reduci.

196 1937 398 2020 Oquantus
430 1937 558 2001 clamor
586 1941 622 2002 et
646 1942 794 2020 quantus
822 1940 934 2015 timor,
967 1932 1141 2021 quantush
1175 1939 1277 2003 fletus
1307 1959 1368 2022 per

195 2031 342 2108 quatuor
377 2027 585 2090 ebdomadas
619 2027 656 2089 in
693 2027 808 2109 burgis
842 2027 925 2104 fuit,
962 2021 1126 2091 maxime*
1161 2029 1199 2090 in
1234 2021 1365 2110 burgok

194 2116 336 2179 Noxede
367 2119 402 2179 et
430 2109 665 2197 Vegiantini¹i
712 2115 823 2179 Nemo
853 2120 940 2191 erat,
978 2117 1036 2198 qui
1066 2117 1209 2180 auderet
1239 2116 1368 2180 lectum

194 2205 334 2268 intrare.
375 2203 527 2268 Cottidie
551 2205 638 2267 diem
661 2207 834 2286 noctuque
858 2204 1081 2268 dicebaturn:
1108 2205 1206 2268 ‘Ecce
1225 2204 1367 2288 Papian-

195 2313 248 2356 ses
263 2293 440 2357 veniuntm
463 2292 589 2374 burgos
606 2292 854 2356 comburere01’
902 2292 1051 2369 Interea,
1077 2312 1155 2355 cum
1177 2293 1246 2354 iam
1264 2293 1367 2355 multi

195 2384 458 2464 exportassentl'
491 2401 546 2444 res
576 2401 664 2457 suas,
696 2380 756 2443 alii
786 2382 883 2443 iuxta
913 2381 1124 2456 civitatemq,
1156 2381 1216 2443 alii
1245 2381 1361 2443 imitae

196 2469 329 2547 Cumas,
355 2469 416 2532 alii
432 2469 625 2545 Novariam,
652 2468 711 2531 alii
727 2469 879 2552 Papiam,
897 2469 957 2532 alii
973 2470 1101 2546 Laude,
1120 2469 1180 2532 alii
1196 2470 1240 2532 ad
1256 2469 1365 2545 villas,

194 2561 364 2622 venerunt
387 2559 632 2639 Pergamenses
655 2558 804 2640 primum
827 2561 862 2622 et
886 2558 1081 2622 Brixienses
1104 2562 1140 2622 et
1164 2557 1366 2622 Cremonen·

194 2667 246 2710 ses
270 2645 484 2710 MOLXVII.
516 2647 637 2728 quinta
665 2646 787 2722 feriar,
818 2647 940 2728 quinto
964 2646 1044 2710 Kal.
1068 2647 1177 2710 Madii
1205 2650 1240 2710 et
1263 2647 1470 2717 intro-span.

194 2736 368 2800 duxerunt
391 2755 448 2799 eos
471 2736 508 2796 in
532 2736 717 2798 civitatem.
765 2735 847 2797 Post
875 2737 939 2798 hcc
961 2755 1041 2799 vero
1066 2734 1236 2798 Galdinus
1261 2736 1366 2798 arohi-

195 2824 492 2946 episoopus⁸,tqui
515 2827 590 2886 erat
613 2843 691 2885 oum
710 2843 800 2906 papa
815 2823 1021 2900 Alexandro,
1046 2825 1141 2887 venit
1165 2825 1286 2904 quinto
1311 2825 1458 2896 (1166666.

195 2911 406 2995 Septembris
433 2958 441 2972 .

301 3001 495 3084 Imperator
513 3020 594 3064 vero
615 3000 817 3063 duodecimo
841 3000 926 3063 diem
942 3000 1094 3063 eiusdem
1116 3000 1243 3063 mensis
1258 2999 1368 3062 Roma
1377 3022 1432 3071 666,
1440 3023 1471 3064 16.

193 3089 322 3152 rediitu
362 3093 397 3152 et
431 3089 575 3172 Papiam
609 3089 717 3164 venit,
755 3092 790 3151 et
825 3088 971 3171 septimo
1003 3088 1179 3152 Kalendas
1214 3089 1367 3153 eiusdem
1377 3111 1472 3159 666.

195 3178 321 3240 mensis
338 3176 508 3240 combusit
523 3177 655 3241 Roxate
679 3179 715 3240 et
739 3176 807 3240 alia
830 3177 907 3240 loca
924 3197 1032 3260 usque
1049 3178 1093 3240 ad
1110 3176 1368 3242 easternumv·1

196 3270 231 3330 et
254 3267 368 3344 locum
393 3265 511 3329 Sancti
535 3264 637 3328 Vitiw
661 3269 697 3329 et
721 3264 906 3329 Gornaleti.

195 3389 408 3396 —...-..—-—..

472 3439 688 3504 Codapuettt
710 3437 874 3488 Libellus
897 3439 1091 3492 tristitiae.

302 3524 457 3594 Imperator
474 3543 540 3579 vero
558 3524 625 3580 XII.
645 3525 689 3577 die
713 3524 835 3577 eiusdem
858 3525 958 3578 mensis
980 3524 1062 3578 rediit
1079 3523 1179 3594 Papia
1203 3527 1230 3578 et
1252 3525 1367 3594 septimo
1376 3497 1419 3587 (la)

195 3596 258 3652 Kal.
278 3597 452 3651 Octubris
472 3597 603 3650 conbuxit
621 3595 729 3649 Roxate
749 3627 781 3634 -
803 3627 835 3634 -
855 3613 922 3662 quos
941 3597 998 3664 ipse
1017 3600 1158 3650 creaverat
1176 3596 1309 3666 deposuit.

196 3813 218 3857 a)
232 3811 275 3849 hoc
289 3811 314 3852 Β.
394 3811 418 3858 1))
436 3809 578 3850 audivissent
596 3811 621 3851 A.
703 3809 724 3860 6)
742 3821 770 3852 m.
785 3807 813 3847 de
828 3810 871 3851 civ.
889 3812 947 3857 (cum
962 3821 984 3858 6,
998 3810 1049 3860 des.)
1062 3811 1089 3852 B.
1169 3808 1193 3858 (1)
1210 3807 1328 3849 lonbardie
1342 3811 1367 3852 B.

197 3866 217 3910 e)
232 3865 288 3902 deest
297 3865 323 3905 B.
376 3862 477 3911 1)(16666
492 3865 524 3902 616
539 3874 604 3902 sunm
618 3861 688 3904 edint.
702 3863 729 3904 B.
783 3865 805 3910 g)
819 3860 883 3911 (16(1)
897 3865 945 3911 dei,
960 3868 979 3900 et
992 3874 1098 3912 superscr.
1112 3867 1138 3901 ut
1152 3864 1178 3904 Α.
1232 3863 1255 3911 h)
1270 3868 1294 3902 et
1307 3875 1329 3910 q.
1342 3863 1367 3904 B.

196 3918 212 3963 1)
228 3917 354 3960 etmax.B.
408 3917 432 3963 k)
445 3918 521 3965 burgis
535 3918 561 3958 B.
615 3918 631 3965 1)
642 3915 758 3963 Vigentini
772 3917 798 3957 A.
852 3917 882 3962 111)
896 3918 952 3954 deest
962 3919 988 3957 Α.
1042 3915 1226 3962 11)(1166666111.
1280 3917 1301 3964 6)
1316 3927 1368 3954 con·

196 3971 290 4009 burrere
304 3971 330 4011 Β,
388 3973 411 4018 p)
425 3981 461 4009 res
477 3982 494 4008 s.
509 3981 559 4018 exp.
574 3970 600 4010 Β,
658 3972 681 4017 q)
696 3967 818 4008 Mediolani
832 3970 882 4009 aad.
898 3970 922 4011 B.
976 3971 995 4017 r)
1010 3969 1082 4007 febris
1096 3969 1122 4010 Β,
1176 3971 1195 4016 s)
1209 3969 1327 4018 episcopus
1341 3970 1367 4012 Β.

197 4025 214 4070 t)
230 4021 355 4062 decembris
369 4025 400 4074 A3
416 4023 767 4072 cf.Ann,Medtot.mtu.(infro).
807 4024 831 4069 u)
845 4020 929 4062 reddiit
943 4024 970 4064 Α.
1011 4024 1034 4069 v)
1049 4027 1165 4061 eustanum
1178 4023 1204 4064 Β.
1244 4025 1275 4071 w)
1289 4023 1367 4065 tutin.

199 4200 224 4264 1)
241 4201 320 4250 Hunc
338 4201 469 4251 lectionem
484 4201 691 4266 praeferendam
706 4207 730 4251 et
743 4199 871 4252 (16616666
885 4201 956 4250 iuter
967 4201 1167 4265 septentrionem
1179 4206 1203 4252 et
1215 4201 1368 4252 ouuenun

197 4273 232 4321 ab
249 4271 455 4336 Abbccteprusso
472 4273 554 4322 situm
571 4271 772 4335 intelligendum
796 4286 857 4334 esse,
883 4286 936 4321 uon
955 4270 1101 4321 Custunum
1125 4271 1257 4336 (066666
1275 4273 1367 4322 Primo

198 4343 273 4408 [circ.
293 4342 506 4407 Abuuuprano,
533 4342 624 4395 mund.
644 4341 806 4407 CuspionOJ)
833 4342 906 4395 Cont.
928 4341 1029 4405 Lanu,
1057 4341 1105 4396 SS.
1124 4343 1234 4409 XVIII,
1258 4361 1286 4410 p.
1306 4344 1367 4396 656.

197 4414 276 4478 decu,
296 4428 355 4463 cum
374 4413 429 4464 locu
448 4429 514 4478 quae
532 4413 571 4463 ibi
587 4414 720 4465 6166166616
737 4418 937 4478 enumerantur,
956 4413 1053 4464 scilicet
1070 4413 1284 4480 Abdebteprusso,
1303 4414 1368 4465 Cor·

198 4484 263 4548 beta,
283 4483 419 4549 Muqeuta,
439 4485 526 4534 616166
544 4486 599 4536 sint
618 4484 752 4549 Ousterno,
772 4485 856 4535 multo
875 4484 981 4548 longius
999 4484 1096 4536 distent
1113 4501 1131 4534 a
1151 4484 1274 4538 Castana.
