3324 5146
280 533 405 588 ausin
423 531 604 588 FEDERIOI
622 533 645 590 1.
663 532 928 589 IMPERATORIS
946 534 990 589 IN
1007 533 1246 595 LOMBARDIA.
1319 543 1352 595 51

1334 727 1349 757 Ε

180 761 308 887 'Et'qui
331 761 524 887 pecnniam·
537 763 581 867 ab
605 761 646 868 eb
669 762 817 888 petitam
840 763 922 869 derb
944 763 1026 869 non·
1038 766 1184 891 poterat,
1199 766 1231 872 'a
1252 766 1353 874 mane
1364 739 1441 791 1162.

179 913 287 976 usque
311 894 454 958 adsero
478 893 515 956 in
538 885 635 956 lutob
660 892 806 970 iacebat,
831 896 867 958 et
889 897 1010 977 postea
1032 896 1214 960 semivivus
1238 897 1354 962 effere·

179 981 298 1058 batur;
330 985 366 1046 et
388 980 493 1044 multi
515 985 698 1065 propterea
720 981 908 1065 perierunt.
954 982 1107 1047 Ventum
1130 989 1183 1049 est
1206 986 1353 1068 denique

456 1153 670 1220 Codaqueiii
691 1153 859 1206 Libellus
882 1155 1075 1212 tristitiae.

177 1259 296 1312 Alberto
309 1261 336 1313 et
348 1259 481 1312 Anselmo
494 1259 528 1312 de
542 1257 619 1327 Orto,
637 1261 669 1312 ut
686 1257 721 1312 de
737 1275 805 1327 paee
824 1267 902 1310 cum
918 1248 1125 1332 imperatore
1143 1261 1352 1328 loquerenture.

178 1335 308 1399 Audite
343 1339 379 1399 et
413 1335 601 1418 intelligite
636 1335 810 1417 quoddam
845 1331 1006 1400 erudele‘1
1039 1340 1075 1401 et
1104 1339 1290 1421 pessimum
1318 1342 1354 1403 et

177 1424 426 1506 nequissimum
448 1423 569 1487 nefax!
618 1423 755 1506 Captivi
779 1428 815 1488 et
838 1424 1043 1488 incarcerati
1067 1425 1109 1490 de
1129 1425 1269 1491 civitate
1285 1426 1353 1491 Me·

178 1512 318 1589 diolani,
351 1512 411 1595 qui
441 1512 689 1576 detinebantur
719 1512 763 1575 ab
793 1513 1010 1596 imperatore,
1039 1514 1164 1578 vinetis
1193 1515 1353 1579 manibus

178 1601 273 1664 etin
297 1601 517 1684 conpedibuS,
550 1621 629 1664 aum
655 1600 825 1684 ningebat
848 1603 884 1664 et
906 1601 1046 1666 fortiter
1068 1602 1222 1686 pluebat,
1252 1623 1353 1687 pone·

177 1689 306 1753 bantur
328 1690 366 1752 in
389 1689 523 1772 plateiS,
548 1689 726 1772 inquibus
750 1693 825 1752 erat
846 1683 978 1754 *lutum
1001 1711 1166 1773 magnum
1189 1695 1225 1755 et
1248 1712 1450 1774 aqua;*p.etu

178 1781 213 1841 et
236 1778 302 1841 hoe
325 1779 513 1861 imperator
535 1777 697 1854 faciebat,
728 1781 769 1840 ut
798 1777 841 1842 ab
865 1779 914 1842 eis
937 1782 1053 1862 posset
1076 1781 1278 1863 peccuniam
1301 1800 1352 1844 ex·

176 1869 346 1948 torquere.
392 1877 430 1930 Et
448 1877 495 1946 qui
512 1877 694 1946 peccuniame
718 1878 752 1930 ab
776 1877 901 1946 aliquo
926 1879 1041 1947 petitam
1066 1879 1132 1933 dare
1156 1897 1213 1934 non
1235 1883 1352 1950 poterat,

177 1983 285 2020 amane
298 1983 384 2034 neque
403 1967 438 2019 ad
455 1983 629 2035 vesperes
648 1966 678 2018 in
695 1966 755 2019 luto
774 1969 809 2018 et
825 1967 977 2036 pesoina
994 1967 1110 2036 iacebat,
1129 1959 1165 2020 et
1180 1958 1256 2035 hoc,
1274 1977 1352 2021 cum

177 2047 251 2107 erat
274 2042 509 2107 intollerabile
524 2043 635 2126 frigus
660 2046 695 2105 et
711 2042 809 2125 gelu5
833 2059 929 2122 postea
947 2055 1131 2109 seeundof
1152 2056 1256 2124 quasi
1273 2057 1352 2111 semi·

176 2127 244 2180 vivi
270 2125 355 2179 inde
383 2126 718 2191 extrahebantur83
746 2127 775 2178 et
798 2126 879 2178 multi
907 2143 947 2180 ex
974 2126 1052 2180 illis
1078 2127 1120 2180 ob
1144 2127 1180 2180 id
1203 2127 1352 2196 pen'erunt.

177 2202 245 2280 Qui
269 2222 381 2266 eomes
406 2204 448 2266 de
472 2202 645 2265 Blandate
676 2205 712 2265 et
741 2203 826 2265 sooii
855 2202 893 2265 in
921 2203 1014 2266 huno
1038 2205 1179 2267 modum
1202 2206 1245 2268 de
1267 2225 1352 2288 paee

176 2292 403 2375 conponenda
426 2310 505 2355 oum
527 2291 734 2373 imperatore
755 2293 963 2354 tractavere:
993 2291 1156 2356 videlicet
1178 2293 1270 2374 quod
1293 2294 1352 2355 im-

175 2384 314 2463 perator
329 2379 479 2444 debebat
496 2379 671 2442 dimittere
695 2378 872 2442 civitatem
895 2382 931 2443 et
953 2379 1177 2444 fortitudines
1201 2380 1351 2444 civitatis

175 2469 213 2531 in
236 2489 297 2532 suo
321 2471 426 2545 statu,
450 2468 528 2532 iura
547 2467 688 2550 quidem
710 2469 746 2530 et
769 2469 998 2550 possessiones
1015 2468 1146 2532 civibus
1161 2468 1351 2534 Mediolani

175 2560 211 2622 et
236 2557 413 2620 districtus
437 2557 552 2638 quiete
575 2555 770 2638 relinquere
781 2554 803 2618 1.

137 2670 139 2674 ’
286 2645 459 2727 Cumque2
479 2647 545 2708 hoe
560 2647 780 2721 tractaretur,
805 2648 841 2708 et
863 2646 1050 2729 imperator
1065 2645 1173 2709 vellet
1188 2645 1232 2709 ad
1247 2645 1352 2710 finem
1361 2670 1405 2721 ea)

176 2735 378 2818 perducere,
411 2735 553 2797 eredens
582 2732 727 2796 firmiter
757 2733 934 2797 civitatem
963 2732 1061 2796 nullo
1091 2735 1194 2797 modo
1223 2733 1351 2799 habere

177 2842 289 2906 posse,
326 2823 464 2905 quidam
500 2823 553 2885 vir
586 2819 830 2903 nequissimus,
870 2821 978 2905 ipsius
1013 2821 1164 2885 civitatis
1198 2821 1319 2886 consul
1328 2821 1349 2898 ⁸,

177 2911 348 2974 Iordanus
379 2909 645 2974 Seaeabarooius
675 2909 828 2986 nomine,
863 2910 1026 2994 proditor,
1056 2909 1205 2972 traditor
1233 2908 1351 2973 nefan-

178 3000 337 3063 dissimus
362 3003 397 3064 et
420 2999 703 3062 sceleratissimus
731 2999 894 3076 omnium,
926 2997 1016 3061 olam
1046 3001 1082 3062 et
1110 2990 1265 3081 privateh
1292 2998 1351 3061 soi·

177 3087 266 3151 lenti
299 3091 402 3152 noete
437 3089 481 3151 ad
511 3087 722 3169 loquendum
753 3105 833 3150 oum
861 3087 1068 3171 imperatore
1097 3087 1242 3170 perexit,
1279 3107 1351 3172 pro·

177 3279 199 3325 a)
213 3279 283 3316 multa
296 3277 400 3316 excidisse
417 3277 458 3316 hoo
476 3277 523 3316 loeo
537 3281 606 3327 patet,
625 3287 679 3326 quae
698 3289 725 3316 en
738 3278 758 3316 B
775 3277 873 3326 suppleri
888 3279 998 3326 nequeam.
1026 3275 1085 3315 Nam
1099 3287 1154 3326 quae
1166 3280 1283 3326 aequantur
1296 3277 1319 3316 tn
1332 3277 1352 3315 B

177 3331 228 3370 etilo
244 3331 414 3379 Cadaynetiiano
428 3331 511 3379 empta
525 3341 568 3370 eane
581 3331 737 3370 euiduuiaaime
751 3335 850 3380 apparet,
869 3333 893 3368 ut
911 3330 1048 3368 statuendum
1065 3331 1093 3368 eit
1111 3341 1166 3378 quae
1182 3331 1324 3378 sequebantur
1337 3341 1351 3368 a

178 3384 309 3431 coaequato
324 3388 443 3433 aueumpta,
462 3385 499 3423 eei
512 3385 536 3422 in
550 3385 622 3422 utat'us
635 3385 694 3422 elata
708 3385 817 3432 tertiaque
830 3387 962 3431 exaeperuta
976 3392 1026 3425 eoae.
1089 3382 1113 3430 b)
1127 3383 1186 3422 lecto
1199 3384 1226 3424 Α.
1287 3385 1308 3430 e)
1321 3383 1352 3422 eie

178 3438 199 3476 P
210 3448 257 3475 cum
272 3437 489 3486 A510quereturB.
544 3435 567 3486 d)
583 3435 652 3477 crude
666 3438 692 3479 B.
747 3437 769 3489 e)
783 3440 919 3486 extorquere
933 3437 1011 3474 iterum
1025 3436 1076 3478 add.
1085 3437 1111 3478 Β.
1164 3433 1351 3484 oeia(sod'o)B,

177 3491 235 3540 quoa
248 3495 375 3539 corruptum
389 3491 480 3532 videtur.
534 3493 557 3540 g)
571 3491 720 3530 extrahantur
733 3490 760 3534 B.
813 3490 838 3537 h)
851 3489 958 3538 priuatim
972 3490 997 3532 P.

179 3650 206 3716 1)
222 3649 326 3702 Eadem
344 3650 399 3714 fere
417 3650 447 3700 in
461 3649 636 3716 priorepaee
653 3649 773 3704 a.1158.
796 3653 899 3700 statuta
921 3664 974 3701 aeae
993 3647 1111 3714 Codayn.
1136 3649 1245 3716 aripuit
1266 3664 1352 3716 eupm

176 3739 204 3788 p.
217 3723 261 3775 33.
328 3721 356 3787 2)
374 3721 446 3784 Quae
464 3727 611 3787 sequuntur
628 3722 719 3773 omnia
734 3720 832 3788 proetd
848 3719 928 3772 dubio
945 3736 964 3771 a
976 3719 1136 3785 Oodaqnello
1152 3720 1263 3785 tenuta
1280 3726 1351 3785 aunt,

179 3793 269 3844 onznia
286 3793 356 3843 euim
375 3792 437 3843 etilo
454 3793 511 3843 eius
528 3794 632 3859 scripta
650 3793 755 3858 eiusque
772 3792 852 3843 cti'etio
869 3792 998 3843 eumatio
1015 3792 1117 3854 referta
1138 3797 1209 3856 eunt,
1233 3796 1352 3843 aetram

174 3869 254 3930 parte
277 3862 359 3913 leuius
379 3865 551 3914 narrationis
568 3879 601 3914 aa
621 3863 708 3914 Gestis
725 3863 830 3929 quidem
848 3868 964 3929 sumpta,
990 3862 1035 3913 aad
1057 3867 1136 3912 aneta
1160 3867 1184 3913 et
1206 3861 1352 3928 depravata

178 3950 195 3985 a
215 3933 383 3998 Codaqueilo.
478 3933 505 4000 3)
529 3933 641 3984 Minime
667 3933 760 3986 consul
782 3933 838 3997 fuit
861 3933 1005 3986 Iordanue.
1046 3932 1093 3983 Ea
1116 3946 1144 3983 eo
1166 3932 1235 3998 quad
1259 3937 1352 3983 anatot·

178 4005 286 4058 Mediol.
307 4005 386 4068 infra
401 4022 431 4072 p.
448 4005 492 4058 58.
514 4020 573 4055 eum
592 4005 759 4071 moditorem
777 4004 850 4069 dicit,
872 4003 989 4068 Coiaqn.
1008 4002 1077 4053 hane
1095 4003 1218 4066 fabulam
1235 4003 1351 4070 ineptam

177 4081 336 4127 inamatus
348 4091 401 4127 esea
412 4076 525 4128 violetur.
554 4075 628 4127 Cute
645 4075 693 4126 too
711 4074 766 4126 loeo
783 4074 857 4126 uitii
867 4075 899 4126 da
910 4074 1030 4125 leuduino
1044 4073 1184 4140 proditm
1200 4073 1235 4125 ab
1245 4080 1352 4127 auctore

177 4146 374 4198 Mediolanenoi
397 4147 530 4198 traditum
554 4152 622 4213 arat,
649 4161 708 4198 oum
729 4161 775 4198 nea
796 4146 940 4196 Tiietanuo
959 4143 1074 4196 mutuo
1091 4145 1236 4212 quidquam
1253 4145 1304 4197 hae
1321 4146 1353 4197 de

177 4233 207 4268 re
229 4219 376 4284 scripserit.
413 4218 533 4269 Similem
557 4217 680 4281 fabulam
700 4217 777 4270 Gala.
795 4216 930 4281 Fautma,
956 4215 1041 4267 ‘Mite
1065 4215 1096 4265 di
1116 4217 1202 4267 storia
1220 4217 1352 4268 Italiana'

182 4288 244 4354 VII,
261 4306 290 4356 p.
304 4289 356 4342 649
368 4305 406 4354 eq.
426 4291 479 4343 680
490 4305 545 4355 sqq.
558 4304 591 4340 aa
604 4288 728 4339 Danielis
740 4288 812 4340 Hiet.
824 4288 948 4338 comitum
959 4286 991 4337 de
1003 4286 1133 4352 Inqbeoeio,
1152 4302 1227 4355 opere
1238 4287 1353 4352 falsarii

177 4360 249 4424 (uide
266 4365 390 4426 excerpta
407 4360 504 4410 ibidem
521 4361 552 4409 in
569 4360 639 4411 natis
656 4359 750 4424 edita),
770 4363 878 4412 narrat.
915 4357 960 4409 Iu·
976 4358 1048 4409 inter
1063 4359 1214 4426 proditores
1227 4358 1352 4410 Andreae

177 4429 402 4482 Stachatarotius
412 4431 584 4492 nominatur,⁸
595 4430 631 4495 of.
643 4430 683 4481 W.
695 4430 727 4481 de
739 4427 902 4481 Giesebrmt
915 4429 945 4481 in
959 4428 1157 4494 ‘Foreehuuqen
1167 4445 1192 4482 z.
1204 4428 1352 4481 Daeteelteu

179 4501 281 4556 anot!
299 4500 380 4566 XXI,
397 4518 426 4568 p.
439 4502 500 4556 330.

1102 4605 1137 4660 4*
