<?xml version="1.0" encoding="UTF-8"?>
<!DOCTYPE html PUBLIC "-//W3C//DTD XHTML 1.0 Transitional//EN"
    "http://www.w3.org/TR/xhtml1/DTD/xhtml1-transitional.dtd">
<html xmlns="http://www.w3.org/1999/xhtml" xml:lang="en" lang="en">
 <head>
  <title>
</title>
<meta http-equiv="Content-Type" content="text/html;charset=utf-8" />
  <meta name='ocr-system' content='tesseract 3.04.00' />
  <meta name='ocr-capabilities' content='ocr_page ocr_carea ocr_par ocr_line ocrx_word'/>
</head>
<body>
  <div class='ocr_page' id='page_1' title='image "./gestafedericiii01holdgoog_0048.png"; bbox 0 0 3324 5146; ppageno 0'>
   <div class='ocr_carea' id='block_1_1' title="bbox 296 459 1372 518">
    <p class='ocr_par' dir='ltr' id='par_1_1' title="bbox 296 459 1372 518">
     <span class='ocr_line' id='line_1_1' title="bbox 296 459 1372 518; baseline 0 0"><span class='ocrx_word' id='word_1_1' title='bbox 296 465 332 518; x_wconf 83' lang='lat'>44</span> <span class='ocrx_word' id='word_1_2' title='bbox 403 461 529 517; x_wconf 70' lang='lat' dir='ltr'>elisus</span> <span class='ocrx_word' id='word_1_3' title='bbox 546 461 727 516; x_wconf 72' lang='lat' dir='ltr'>sauualoi</span> <span class='ocrx_word' id='word_1_4' title='bbox 744 461 768 518; x_wconf 92' lang='lat'>1.</span> <span class='ocrx_word' id='word_1_5' title='bbox 787 461 1053 517; x_wconf 78' lang='lat' dir='ltr'>IMPERATORIS</span> <span class='ocrx_word' id='word_1_6' title='bbox 1072 461 1114 516; x_wconf 86' lang='lat' dir='ltr'>IN</span> <span class='ocrx_word' id='word_1_7' title='bbox 1132 459 1372 518; x_wconf 77' lang='lat' dir='ltr'><strong>LOMBARDIA.</strong></span> 
     </span>
    </p>
   </div>
   <div class='ocr_carea' id='block_1_2' title="bbox 198 644 1469 1172">
    <p class='ocr_par' dir='ltr' id='par_1_2' title="bbox 209 644 1469 1082">
     <span class='ocr_line' id='line_1_2' title="bbox 209 644 1469 729; baseline -0.006 -15"><span class='ocrx_word' id='word_1_8' title='bbox 209 661 287 715; x_wconf 88' lang='lat'>1160.</span> <span class='ocrx_word' id='word_1_9' title='bbox 297 665 431 728; x_wconf 88' lang='lat' dir='ltr'>quoque</span> <span class='ocrx_word' id='word_1_10' title='bbox 454 646 492 708; x_wconf 91' lang='lat' dir='ltr'>in</span> <span class='ocrx_word' id='word_1_11' title='bbox 506 645 676 710; x_wconf 82' lang='lat' dir='ltr'>fossatum</span> <span class='ocrx_word' id='word_1_12' title='bbox 698 644 843 729; x_wconf 85' lang='lat' dir='ltr'>proiecit</span> <span class='ocrx_word' id='word_1_13' title='bbox 867 649 902 709; x_wconf 89' lang='lat' dir='ltr'>et</span> <span class='ocrx_word' id='word_1_14' title='bbox 925 645 1028 710; x_wconf 91' lang='lat' dir='ltr'>boves</span> <span class='ocrx_word' id='word_1_15' title='bbox 1049 647 1122 709; x_wconf 91' lang='lat' dir='ltr'>eius</span> <span class='ocrx_word' id='word_1_16' title='bbox 1143 645 1276 710; x_wconf 86' lang='lat' dir='ltr'>habuit.</span> <span class='ocrx_word' id='word_1_17' title='bbox 1324 645 1392 710; x_wconf 81' lang='lat' dir='ltr'>Sed</span> <span class='ocrx_word' id='word_1_18' title='bbox 1408 645 1469 709; x_wconf 91' lang='lat' dir='ltr'>alii</span> 
     </span>
     <span class='ocr_line' id='line_1_3' title="bbox 295 733 1468 816; baseline 0 -20"><span class='ocrx_word' id='word_1_19' title='bbox 295 733 423 798; x_wconf 91' lang='lat' dir='ltr'>milites</span> <span class='ocrx_word' id='word_1_20' title='bbox 447 734 767 810; x_wconf 88' lang='lat' dir='ltr'>Mediolanensium,</span> <span class='ocrx_word' id='word_1_21' title='bbox 797 735 856 816; x_wconf 92' lang='lat' dir='ltr'>qui</span> <span class='ocrx_word' id='word_1_22' title='bbox 880 754 958 797; x_wconf 88' lang='lat' dir='ltr'>oum</span> <span class='ocrx_word' id='word_1_23' title='bbox 982 733 1218 799; x_wconf 85' lang='lat' dir='ltr'>Brixiensibus</span> <span class='ocrx_word' id='word_1_24' title='bbox 1242 735 1468 798; x_wconf 72' lang='lat' dir='ltr'>ascenderant</span> 
     </span>
     <span class='ocr_line' id='line_1_4' title="bbox 295 823 1468 907; baseline 0.002 -23"><span class='ocrx_word' id='word_1_25' title='bbox 295 826 449 886; x_wconf 90' lang='lat' dir='ltr'>montem</span> <span class='ocrx_word' id='word_1_26' title='bbox 481 826 559 907; x_wconf 92' lang='lat' dir='ltr'>post</span> <span class='ocrx_word' id='word_1_27' title='bbox 589 826 701 886; x_wconf 87' lang='lat' dir='ltr'>cestra</span> <span class='ocrx_word' id='word_1_28' title='bbox 730 823 959 906; x_wconf 89' lang='lat' dir='ltr'>imperatoris,</span> <span class='ocrx_word' id='word_1_29' title='bbox 996 823 1100 886; x_wconf 90' lang='lat' dir='ltr'>aliam</span> <span class='ocrx_word' id='word_1_30' title='bbox 1132 827 1267 907; x_wconf 88' lang='lat' dir='ltr'>partem</span> <span class='ocrx_word' id='word_1_31' title='bbox 1299 823 1468 886; x_wconf 87' lang='lat' dir='ltr'>exercitus</span> 
     </span>
     <span class='ocr_line' id='line_1_5' title="bbox 297 911 1468 996; baseline -0.001 -21"><span class='ocrx_word' id='word_1_32' title='bbox 297 911 369 975; x_wconf 89' lang='lat' dir='ltr'>eius</span> <span class='ocrx_word' id='word_1_33' title='bbox 384 911 595 994; x_wconf 84' lang='lat' dir='ltr'>fugaverunt</span> <span class='ocrx_word' id='word_1_34' title='bbox 619 915 654 975; x_wconf 82' lang='lat' dir='ltr'>et</span> <span class='ocrx_word' id='word_1_35' title='bbox 678 931 719 976; x_wconf 90' lang='lat' dir='ltr'>ex</span> <span class='ocrx_word' id='word_1_36' title='bbox 735 912 783 975; x_wconf 87' lang='lat' dir='ltr'>eis</span> <span class='ocrx_word' id='word_1_37' title='bbox 798 911 927 975; x_wconf 90' lang='lat' dir='ltr'>multos</span> <span class='ocrx_word' id='word_1_38' title='bbox 944 915 1109 996; x_wconf 86' lang='lat' dir='ltr'>oeperunt</span> <span class='ocrx_word' id='word_1_39' title='bbox 1133 915 1169 975; x_wconf 90' lang='lat' dir='ltr'>et</span> <span class='ocrx_word' id='word_1_40' title='bbox 1191 913 1363 995; x_wconf 91' lang='lat' dir='ltr'>persecuti</span> <span class='ocrx_word' id='word_1_41' title='bbox 1386 915 1468 975; x_wconf 91' lang='lat' dir='ltr'>sunt</span> 
     </span>
     <span class='ocr_line' id='line_1_6' title="bbox 296 1000 1468 1082; baseline 0.001 -19"><span class='ocrx_word' id='word_1_42' title='bbox 296 1019 353 1063; x_wconf 89' lang='lat' dir='ltr'>eos</span> <span class='ocrx_word' id='word_1_43' title='bbox 368 1019 476 1082; x_wconf 91' lang='lat' dir='ltr'>usque</span> <span class='ocrx_word' id='word_1_44' title='bbox 491 1000 753 1064; x_wconf 72' lang='lat' dir='ltr'>Mentorianum</span> <span class='ocrx_word' id='word_1_45' title='bbox 769 1004 804 1064; x_wconf 91' lang='lat' dir='ltr'>et</span> <span class='ocrx_word' id='word_1_46' title='bbox 820 1001 1054 1066; x_wconf 82' lang='lat' dir='ltr'>marchionem</span> <span class='ocrx_word' id='word_1_47' title='bbox 1070 1000 1345 1064; x_wconf 84' lang='lat' dir='ltr'>Montis-ferrati</span> <span class='ocrx_word' id='word_1_48' title='bbox 1360 1019 1468 1082; x_wconf 87' lang='lat' dir='ltr'>usque</span> 
     </span>
    </p>

    <p class='ocr_par' dir='ltr' id='par_1_3' title="bbox 198 1085 1467 1172">
     <span class='ocr_line' id='line_1_7' title="bbox 198 1085 1467 1172; baseline -0.001 -21"><span class='ocrx_word' id='word_1_49' title='bbox 198 1089 341 1160; x_wconf 60' lang='lat' dir='ltr'>aucae</span> <span class='ocrx_word' id='word_1_50' title='bbox 356 1088 565 1171; x_wconf 82' lang='lat' dir='ltr'>Angleriam,</span> <span class='ocrx_word' id='word_1_51' title='bbox 591 1091 627 1152; x_wconf 89' lang='lat' dir='ltr'>et</span> <span class='ocrx_word' id='word_1_52' title='bbox 649 1089 776 1153; x_wconf 90' lang='lat' dir='ltr'>reversi</span> <span class='ocrx_word' id='word_1_53' title='bbox 799 1090 940 1153; x_wconf 87' lang='lat' dir='ltr'>stabant</span> <span class='ocrx_word' id='word_1_54' title='bbox 961 1085 1095 1153; x_wconf 75' lang='lat' dir='ltr'>*contra</span> <span class='ocrx_word' id='word_1_55' title='bbox 1114 1093 1227 1153; x_wconf 89' lang='lat' dir='ltr'>castra</span> <span class='ocrx_word' id='word_1_56' title='bbox 1242 1088 1467 1172; x_wconf 87' lang='lat' dir='ltr'>imperatoris.</span> 
     </span>
    </p>
   </div>
   <div class='ocr_carea' id='block_1_3' title="bbox 572 1243 1188 1309">
    <p class='ocr_par' dir='ltr' id='par_1_4' title="bbox 572 1243 1188 1309">
     <span class='ocr_line' id='line_1_8' title="bbox 572 1243 1188 1309; baseline 0 -13"><span class='ocrx_word' id='word_1_57' title='bbox 572 1243 786 1309; x_wconf 77' lang='lat' dir='ltr'>Codapnelli</span> <span class='ocrx_word' id='word_1_58' title='bbox 807 1243 972 1296; x_wconf 75' lang='lat' dir='ltr'><em>Libellus</em></span> <span class='ocrx_word' id='word_1_59' title='bbox 995 1245 1188 1297; x_wconf 77' lang='lat' dir='ltr'><strong><em>tristitiae.</em></strong></span> 
     </span>
    </p>
   </div>
   <div class='ocr_carea' id='block_1_4' title="bbox 291 1335 1468 3812">
    <p class='ocr_par' dir='ltr' id='par_1_5' title="bbox 291 1335 1468 3812">
     <span class='ocr_line' id='line_1_9' title="bbox 295 1335 1468 1420; baseline 0.002 -22"><span class='ocrx_word' id='word_1_60' title='bbox 295 1335 379 1400; x_wconf 91' lang='lat' dir='ltr'>illuc</span> <span class='ocrx_word' id='word_1_61' title='bbox 401 1336 597 1400; x_wconf 89' lang='lat' dir='ltr'>vacillando</span> <span class='ocrx_word' id='word_1_62' title='bbox 621 1339 812 1419; x_wconf 77' lang='lat' dir='ltr'>pergentes,</span> <span class='ocrx_word' id='word_1_63' title='bbox 842 1335 905 1400; x_wconf 92' lang='lat' dir='ltr'>sub</span> <span class='ocrx_word' id='word_1_64' title='bbox 929 1336 1073 1420; x_wconf 92' lang='lat' dir='ltr'>pedibus</span> <span class='ocrx_word' id='word_1_65' title='bbox 1097 1355 1263 1418; x_wconf 93' lang='lat' dir='ltr'>equorum</span> <span class='ocrx_word' id='word_1_66' title='bbox 1285 1337 1393 1400; x_wconf 91' lang='lat' dir='ltr'>vitam</span> <span class='ocrx_word' id='word_1_67' title='bbox 1417 1355 1468 1400; x_wconf 83' lang='lat' dir='ltr'>eo·</span> 
     </span>
     <span class='ocr_line' id='line_1_10' title="bbox 294 1424 1468 1502; baseline 0.002 -14"><span class='ocrx_word' id='word_1_68' title='bbox 294 1446 372 1488; x_wconf 89' lang='lat' dir='ltr'>rum</span> <span class='ocrx_word' id='word_1_69' title='bbox 396 1428 670 1500; x_wconf 73' lang='lat' dir='ltr'>consumantes²;</span> <span class='ocrx_word' id='word_1_70' title='bbox 701 1424 760 1487; x_wconf 88' lang='lat' dir='ltr'>alii</span> <span class='ocrx_word' id='word_1_71' title='bbox 787 1424 879 1487; x_wconf 78' lang='lat' dir='ltr'>terro</span> <span class='ocrx_word' id='word_1_72' title='bbox 904 1428 939 1488; x_wconf 90' lang='lat' dir='ltr'>et</span> <span class='ocrx_word' id='word_1_73' title='bbox 962 1424 1035 1488; x_wconf 92' lang='lat' dir='ltr'>ictu</span> <span class='ocrx_word' id='word_1_74' title='bbox 1059 1427 1211 1487; x_wconf 91' lang='lat' dir='ltr'>astarum</span> <span class='ocrx_word' id='word_1_75' title='bbox 1234 1426 1371 1502; x_wconf 90' lang='lat' dir='ltr'>mortui,</span> <span class='ocrx_word' id='word_1_76' title='bbox 1396 1425 1468 1490; x_wconf 91' lang='lat' dir='ltr'>vul·</span> 
     </span>
     <span class='ocr_line' id='line_1_11' title="bbox 294 1512 1468 1596; baseline 0.003 -21"><span class='ocrx_word' id='word_1_77' title='bbox 294 1514 407 1578; x_wconf 78' lang='lat' dir='ltr'>nenati</span> <span class='ocrx_word' id='word_1_78' title='bbox 430 1517 465 1577; x_wconf 91' lang='lat' dir='ltr'>et</span> <span class='ocrx_word' id='word_1_79' title='bbox 489 1513 643 1577; x_wconf 82' lang='lat' dir='ltr'>semivivi</span> <span class='ocrx_word' id='word_1_80' title='bbox 666 1513 703 1576; x_wconf 92' lang='lat' dir='ltr'>in</span> <span class='ocrx_word' id='word_1_81' title='bbox 728 1533 847 1596; x_wconf 88' lang='lat' dir='ltr'>campo</span> <span class='ocrx_word' id='word_1_82' title='bbox 870 1513 1040 1576; x_wconf 90' lang='lat' dir='ltr'>iacebant.</span> <span class='ocrx_word' id='word_1_83' title='bbox 1089 1512 1243 1578; x_wconf 80' lang='lat' dir='ltr'>Tandem</span> <span class='ocrx_word' id='word_1_84' title='bbox 1267 1534 1344 1576; x_wconf 92' lang='lat' dir='ltr'>cum</span> <span class='ocrx_word' id='word_1_85' title='bbox 1367 1514 1468 1578; x_wconf 93' lang='lat' dir='ltr'>vidis-</span> 
     </span>
     <span class='ocr_line' id='line_1_12' title="bbox 295 1593 1467 1684; baseline 0 -19"><span class='ocrx_word' id='word_1_86' title='bbox 295 1606 372 1665; x_wconf 90' lang='lat' dir='ltr'>sent</span> <span class='ocrx_word' id='word_1_87' title='bbox 406 1603 563 1665; x_wconf 90' lang='lat' dir='ltr'>resistere</span> <span class='ocrx_word' id='word_1_88' title='bbox 597 1621 668 1664; x_wconf 90' lang='lat' dir='ltr'>non</span> <span class='ocrx_word' id='word_1_89' title='bbox 703 1621 815 1684; x_wconf 91' lang='lat' dir='ltr'>posse,</span> <span class='ocrx_word' id='word_1_90' title='bbox 850 1604 950 1684; x_wconf 88' lang='lat' dir='ltr'>terga</span> <span class='ocrx_word' id='word_1_91' title='bbox 982 1593 1176 1666; x_wconf 84' lang='lat' dir='ltr'>vertentesb</span> <span class='ocrx_word' id='word_1_92' title='bbox 1216 1602 1261 1665; x_wconf 85' lang='lat' dir='ltr'>ad</span> <span class='ocrx_word' id='word_1_93' title='bbox 1296 1603 1467 1666; x_wconf 91' lang='lat' dir='ltr'>carocium</span> 
     </span>
     <span class='ocr_line' id='line_1_13' title="bbox 293 1689 1467 1772; baseline 0.002 -20"><span class='ocrx_word' id='word_1_94' title='bbox 293 1690 408 1772; x_wconf 78' lang='lat' dir='ltr'>fugati</span> <span class='ocrx_word' id='word_1_95' title='bbox 437 1690 590 1754; x_wconf 83' lang='lat' dir='ltr'>fuerunt.</span> <span class='ocrx_word' id='word_1_96' title='bbox 637 1689 803 1754; x_wconf 90' lang='lat' dir='ltr'>Videntes</span> <span class='ocrx_word' id='word_1_97' title='bbox 838 1694 955 1753; x_wconf 90' lang='lat' dir='ltr'>autem</span> <span class='ocrx_word' id='word_1_98' title='bbox 989 1690 1117 1754; x_wconf 81' lang='lat' dir='ltr'><strong><em>milites</em></strong></span> <span class='ocrx_word' id='word_1_99' title='bbox 1153 1691 1211 1772; x_wconf 91' lang='lat' dir='ltr'>qui</span> <span class='ocrx_word' id='word_1_100' title='bbox 1246 1690 1283 1753; x_wconf 92' lang='lat' dir='ltr'>in</span> <span class='ocrx_word' id='word_1_101' title='bbox 1316 1691 1467 1755; x_wconf 91' lang='lat' dir='ltr'>secunda</span> 
     </span>
     <span class='ocr_line' id='line_1_14' title="bbox 294 1778 1465 1863; baseline 0.001 -21"><span class='ocrx_word' id='word_1_102' title='bbox 294 1779 404 1842; x_wconf 92' lang='lat' dir='ltr'>sclera</span> <span class='ocrx_word' id='word_1_103' title='bbox 434 1779 592 1854; x_wconf 89' lang='lat' dir='ltr'>aderant,</span> <span class='ocrx_word' id='word_1_104' title='bbox 628 1779 793 1862; x_wconf 92' lang='lat' dir='ltr'>impetum</span> <span class='ocrx_word' id='word_1_105' title='bbox 826 1778 1038 1842; x_wconf 90' lang='lat' dir='ltr'>velocissime</span> <span class='ocrx_word' id='word_1_106' title='bbox 1069 1799 1171 1863; x_wconf 90' lang='lat' dir='ltr'>super</span> <span class='ocrx_word' id='word_1_107' title='bbox 1201 1799 1257 1842; x_wconf 92' lang='lat' dir='ltr'>eos</span> <span class='ocrx_word' id='word_1_108' title='bbox 1287 1779 1465 1856; x_wconf 82' lang='lat' dir='ltr'>iacientes,</span> 
     </span>
     <span class='ocr_line' id='line_1_15' title="bbox 294 1867 1466 1952; baseline 0 -22"><span class='ocrx_word' id='word_1_109' title='bbox 294 1869 385 1952; x_wconf 91' lang='lat' dir='ltr'>ipsos</span> <span class='ocrx_word' id='word_1_110' title='bbox 409 1887 543 1950; x_wconf 88' lang='lat' dir='ltr'>quoque</span> <span class='ocrx_word' id='word_1_111' title='bbox 566 1867 811 1931; x_wconf 88' lang='lat' dir='ltr'>interficientes</span> <span class='ocrx_word' id='word_1_112' title='bbox 836 1869 871 1930; x_wconf 91' lang='lat' dir='ltr'>et</span> <span class='ocrx_word' id='word_1_113' title='bbox 895 1867 1077 1950; x_wconf 88' lang='lat' dir='ltr'>capientes,</span> <span class='ocrx_word' id='word_1_114' title='bbox 1109 1888 1217 1950; x_wconf 91' lang='lat' dir='ltr'>usque</span> <span class='ocrx_word' id='word_1_115' title='bbox 1248 1868 1291 1931; x_wconf 92' lang='lat' dir='ltr'>ad</span> <span class='ocrx_word' id='word_1_116' title='bbox 1321 1867 1466 1931; x_wconf 85' lang='lat' dir='ltr'>solerem</span> 
     </span>
     <span class='ocr_line' id='line_1_16' title="bbox 293 1956 1466 2040; baseline -0.001 -21"><span class='ocrx_word' id='word_1_117' title='bbox 293 1957 509 2040; x_wconf 87' lang='lat' dir='ltr'>imperatoris</span> <span class='ocrx_word' id='word_1_118' title='bbox 526 1977 582 2020; x_wconf 91' lang='lat' dir='ltr'>eos</span> <span class='ocrx_word' id='word_1_119' title='bbox 599 1957 769 2038; x_wconf 76' lang='lat' dir='ltr'>persecuti</span> <span class='ocrx_word' id='word_1_120' title='bbox 792 1956 945 2032; x_wconf 82' lang='lat' dir='ltr'>fuerunt.</span> <span class='ocrx_word' id='word_1_121' title='bbox 992 1956 1122 2020; x_wconf 83' lang='lat' dir='ltr'><strong><em>Milites</em></strong></span> <span class='ocrx_word' id='word_1_122' title='bbox 1139 1958 1277 2039; x_wconf 92' lang='lat' dir='ltr'>quidem</span> <span class='ocrx_word' id='word_1_123' title='bbox 1293 1957 1351 2038; x_wconf 92' lang='lat' dir='ltr'>qui</span> <span class='ocrx_word' id='word_1_124' title='bbox 1367 1959 1466 2019; x_wconf 89' lang='lat' dir='ltr'>erant</span> 
     </span>
     <span class='ocr_line' id='line_1_17' title="bbox 294 2043 1463 2128; baseline -0.001 -21"><span class='ocrx_word' id='word_1_125' title='bbox 294 2047 331 2107; x_wconf 92' lang='lat' dir='ltr'>in</span> <span class='ocrx_word' id='word_1_126' title='bbox 354 2043 463 2108; x_wconf 92' lang='lat' dir='ltr'>sclera</span> <span class='ocrx_word' id='word_1_127' title='bbox 485 2045 701 2127; x_wconf 88' lang='lat' dir='ltr'>imperatoris</span> <span class='ocrx_word' id='word_1_128' title='bbox 725 2048 761 2108; x_wconf 91' lang='lat' dir='ltr'>et</span> <span class='ocrx_word' id='word_1_129' title='bbox 780 2064 897 2108; x_wconf 91' lang='lat' dir='ltr'>omnes</span> <span class='ocrx_word' id='word_1_130' title='bbox 921 2044 981 2108; x_wconf 86' lang='lat' dir='ltr'>alii</span> <span class='ocrx_word' id='word_1_131' title='bbox 1005 2046 1048 2108; x_wconf 90' lang='lat' dir='ltr'>de</span> <span class='ocrx_word' id='word_1_132' title='bbox 1072 2046 1224 2109; x_wconf 87' lang='lat' dir='ltr'>exercitu</span> <span class='ocrx_word' id='word_1_133' title='bbox 1239 2044 1463 2128; x_wconf 80' lang='lat' dir='ltr'>imperatorie,</span> 
     </span>
     <span class='ocr_line' id='line_1_18' title="bbox 295 2132 1465 2197; baseline 0.001 -1"><span class='ocrx_word' id='word_1_134' title='bbox 295 2134 472 2196; x_wconf 89' lang='lat' dir='ltr'>credentes</span> <span class='ocrx_word' id='word_1_135' title='bbox 502 2133 645 2196; x_wconf 87' lang='lat' dir='ltr'>firmiter</span> <span class='ocrx_word' id='word_1_136' title='bbox 676 2132 802 2196; x_wconf 91' lang='lat' dir='ltr'>milites</span> <span class='ocrx_word' id='word_1_137' title='bbox 832 2153 949 2197; x_wconf 90' lang='lat' dir='ltr'>omnes</span> <span class='ocrx_word' id='word_1_138' title='bbox 973 2133 1163 2197; x_wconf 87' lang='lat' dir='ltr'>Mediolani</span> <span class='ocrx_word' id='word_1_139' title='bbox 1192 2135 1236 2196; x_wconf 91' lang='lat' dir='ltr'>ad</span> <span class='ocrx_word' id='word_1_140' title='bbox 1259 2133 1391 2197; x_wconf 93' lang='lat' dir='ltr'>bellum</span> <span class='ocrx_word' id='word_1_141' title='bbox 1413 2153 1465 2197; x_wconf 91' lang='lat' dir='ltr'>ve-</span> 
     </span>
     <span class='ocr_line' id='line_1_19' title="bbox 293 2221 1465 2306; baseline 0.001 -23"><span class='ocrx_word' id='word_1_142' title='bbox 293 2221 394 2298; x_wconf 82' lang='lat' dir='ltr'>nisse,</span> <span class='ocrx_word' id='word_1_143' title='bbox 418 2221 588 2284; x_wconf 90' lang='lat' dir='ltr'>insultum</span> <span class='ocrx_word' id='word_1_144' title='bbox 604 2241 721 2285; x_wconf 91' lang='lat' dir='ltr'>omnes</span> <span class='ocrx_word' id='word_1_145' title='bbox 745 2242 847 2306; x_wconf 91' lang='lat' dir='ltr'>super</span> <span class='ocrx_word' id='word_1_146' title='bbox 863 2241 919 2285; x_wconf 88' lang='lat' dir='ltr'>eos</span> <span class='ocrx_word' id='word_1_147' title='bbox 935 2222 1111 2300; x_wconf 80' lang='lat' dir='ltr'>facientes,</span> <span class='ocrx_word' id='word_1_148' title='bbox 1136 2223 1227 2306; x_wconf 94' lang='lat' dir='ltr'>ipsos</span> <span class='ocrx_word' id='word_1_149' title='bbox 1243 2221 1465 2286; x_wconf 88' lang='lat' dir='ltr'>vulnerantes</span> 
     </span>
     <span class='ocr_line' id='line_1_20' title="bbox 294 2310 1465 2394; baseline -0.001 -20"><span class='ocrx_word' id='word_1_150' title='bbox 294 2314 329 2374; x_wconf 92' lang='lat' dir='ltr'>et</span> <span class='ocrx_word' id='word_1_151' title='bbox 354 2311 396 2374; x_wconf 88' lang='lat' dir='ltr'>de</span> <span class='ocrx_word' id='word_1_152' title='bbox 420 2311 515 2392; x_wconf 92' lang='lat' dir='ltr'>equis</span> <span class='ocrx_word' id='word_1_153' title='bbox 538 2313 802 2394; x_wconf 88' lang='lat' dir='ltr'>prosternentes,</span> <span class='ocrx_word' id='word_1_154' title='bbox 831 2331 939 2392; x_wconf 91' lang='lat' dir='ltr'>usque</span> <span class='ocrx_word' id='word_1_155' title='bbox 969 2312 1013 2374; x_wconf 90' lang='lat' dir='ltr'>ad</span> <span class='ocrx_word' id='word_1_156' title='bbox 1035 2311 1201 2394; x_wconf 91' lang='lat' dir='ltr'>populum</span> <span class='ocrx_word' id='word_1_157' title='bbox 1225 2311 1303 2374; x_wconf 89' lang='lat' dir='ltr'>illos</span> <span class='ocrx_word' id='word_1_158' title='bbox 1327 2310 1465 2392; x_wconf 85' lang='lat' dir='ltr'>fugave-</span> 
     </span>
     <span class='ocr_line' id='line_1_21' title="bbox 293 2399 1465 2482; baseline -0.002 -20"><span class='ocrx_word' id='word_1_159' title='bbox 293 2403 386 2462; x_wconf 89' lang='lat' dir='ltr'>runt.</span> <span class='ocrx_word' id='word_1_160' title='bbox 439 2399 519 2462; x_wconf 91' lang='lat' dir='ltr'>Non</span> <span class='ocrx_word' id='word_1_161' title='bbox 549 2402 737 2482; x_wconf 89' lang='lat' dir='ltr'>potuerunt</span> <span class='ocrx_word' id='word_1_162' title='bbox 767 2400 859 2463; x_wconf 91' lang='lat' dir='ltr'>enim</span> <span class='ocrx_word' id='word_1_163' title='bbox 887 2401 1003 2464; x_wconf 90' lang='lat' dir='ltr'>videre</span> <span class='ocrx_word' id='word_1_164' title='bbox 1033 2400 1160 2462; x_wconf 89' lang='lat' dir='ltr'>milites</span> <span class='ocrx_word' id='word_1_165' title='bbox 1191 2400 1355 2475; x_wconf 89' lang='lat' dir='ltr'>seniores,</span> <span class='ocrx_word' id='word_1_166' title='bbox 1389 2419 1465 2482; x_wconf 91' lang='lat' dir='ltr'>pru·</span> 
     </span>
     <span class='ocr_line' id='line_1_22' title="bbox 295 2487 1465 2574; baseline -0.002 -23"><span class='ocrx_word' id='word_1_167' title='bbox 295 2489 415 2552; x_wconf 90' lang='lat' dir='ltr'>dentes</span> <span class='ocrx_word' id='word_1_168' title='bbox 446 2491 481 2551; x_wconf 91' lang='lat' dir='ltr'>et</span> <span class='ocrx_word' id='word_1_169' title='bbox 510 2487 701 2564; x_wconf 88' lang='lat' dir='ltr'>bellicosos,</span> <span class='ocrx_word' id='word_1_170' title='bbox 733 2489 793 2570; x_wconf 91' lang='lat' dir='ltr'>qui</span> <span class='ocrx_word' id='word_1_171' title='bbox 822 2489 859 2551; x_wconf 92' lang='lat' dir='ltr'>in</span> <span class='ocrx_word' id='word_1_172' title='bbox 889 2490 1037 2571; x_wconf 93' lang='lat' dir='ltr'>quadam</span> <span class='ocrx_word' id='word_1_173' title='bbox 1059 2487 1150 2552; x_wconf 92' lang='lat' dir='ltr'>valle</span> <span class='ocrx_word' id='word_1_174' title='bbox 1173 2487 1335 2574; x_wconf 88' lang='lat' dir='ltr'>privatim</span> <span class='ocrx_word' id='word_1_175' title='bbox 1357 2487 1394 2549; x_wconf 92' lang='lat' dir='ltr'>in</span> <span class='ocrx_word' id='word_1_176' title='bbox 1416 2487 1465 2549; x_wconf 92' lang='lat' dir='ltr'>in·</span> 
     </span>
     <span class='ocr_line' id='line_1_23' title="bbox 294 2575 1465 2660; baseline -0.001 -20"><span class='ocrx_word' id='word_1_177' title='bbox 294 2577 389 2640; x_wconf 91' lang='lat' dir='ltr'>sidiis</span> <span class='ocrx_word' id='word_1_178' title='bbox 406 2576 609 2640; x_wconf 86' lang='lat' dir='ltr'>existebant.</span> <span class='ocrx_word' id='word_1_179' title='bbox 643 2576 836 2660; x_wconf 89' lang='lat' dir='ltr'>Imperator</span> <span class='ocrx_word' id='word_1_180' title='bbox 852 2597 986 2660; x_wconf 92' lang='lat' dir='ltr'>quoque</span> <span class='ocrx_word' id='word_1_181' title='bbox 1003 2576 1149 2640; x_wconf 88' lang='lat' dir='ltr'>collecte</span> <span class='ocrx_word' id='word_1_182' title='bbox 1163 2575 1324 2639; x_wconf 91' lang='lat' dir='ltr'>universa</span> <span class='ocrx_word' id='word_1_183' title='bbox 1338 2575 1465 2639; x_wconf 91' lang='lat' dir='ltr'>militia</span> 
     </span>
     <span class='ocr_line' id='line_1_24' title="bbox 294 2664 1464 2749; baseline -0.001 -21"><span class='ocrx_word' id='word_1_184' title='bbox 294 2685 356 2728; x_wconf 89' lang='lat' dir='ltr'>sua</span> <span class='ocrx_word' id='word_1_185' title='bbox 372 2668 407 2728; x_wconf 90' lang='lat' dir='ltr'>et</span> <span class='ocrx_word' id='word_1_186' title='bbox 424 2669 521 2728; x_wconf 73' lang='lat' dir='ltr'>cum⁰</span> <span class='ocrx_word' id='word_1_187' title='bbox 539 2665 632 2728; x_wconf 91' lang='lat' dir='ltr'>omni</span> <span class='ocrx_word' id='word_1_188' title='bbox 649 2666 801 2729; x_wconf 81' lang='lat' dir='ltr'>exercitu</span> <span class='ocrx_word' id='word_1_189' title='bbox 817 2687 878 2730; x_wconf 91' lang='lat' dir='ltr'>suo</span> <span class='ocrx_word' id='word_1_190' title='bbox 898 2668 942 2730; x_wconf 91' lang='lat' dir='ltr'>ad</span> <span class='ocrx_word' id='word_1_191' title='bbox 959 2666 1226 2749; x_wconf 86' lang='lat' dir='ltr'>expugnandum</span> <span class='ocrx_word' id='word_1_192' title='bbox 1242 2684 1320 2728; x_wconf 91' lang='lat' dir='ltr'>cum</span> <span class='ocrx_word' id='word_1_193' title='bbox 1336 2664 1464 2748; x_wconf 89' lang='lat' dir='ltr'>populo</span> 
     </span>
     <span class='ocr_line' id='line_1_25' title="bbox 293 2748 1465 2830; baseline -0.001 -13"><span class='ocrx_word' id='word_1_194' title='bbox 293 2754 445 2830; x_wconf 89' lang='lat' dir='ltr'>accessit,</span> <span class='ocrx_word' id='word_1_195' title='bbox 477 2753 646 2817; x_wconf 90' lang='lat' dir='ltr'>insultum</span> <span class='ocrx_word' id='word_1_196' title='bbox 676 2756 824 2818; x_wconf 86' lang='lat' dir='ltr'>maxima</span> <span class='ocrx_word' id='word_1_197' title='bbox 846 2755 880 2818; x_wconf 91' lang='lat' dir='ltr'>vi</span> <span class='ocrx_word' id='word_1_198' title='bbox 903 2755 940 2817; x_wconf 91' lang='lat' dir='ltr'>in</span> <span class='ocrx_word' id='word_1_199' title='bbox 963 2755 1011 2819; x_wconf 91' lang='lat' dir='ltr'>eis</span> <span class='ocrx_word' id='word_1_200' title='bbox 1034 2748 1237 2830; x_wconf 64' lang='lat' dir='ltr'>facientesd,</span> <span class='ocrx_word' id='word_1_201' title='bbox 1261 2754 1353 2816; x_wconf 90' lang='lat' dir='ltr'>viam</span> <span class='ocrx_word' id='word_1_202' title='bbox 1380 2753 1465 2817; x_wconf 90' lang='lat' dir='ltr'>ensi·</span> 
     </span>
     <span class='ocr_line' id='line_1_26' title="bbox 293 2842 1464 2925; baseline 0 -19"><span class='ocrx_word' id='word_1_203' title='bbox 293 2843 357 2907; x_wconf 91' lang='lat' dir='ltr'>bus</span> <span class='ocrx_word' id='word_1_204' title='bbox 382 2847 417 2908; x_wconf 90' lang='lat' dir='ltr'>et</span> <span class='ocrx_word' id='word_1_205' title='bbox 439 2842 636 2906; x_wconf 90' lang='lat' dir='ltr'>verberibus</span> <span class='ocrx_word' id='word_1_206' title='bbox 660 2847 813 2906; x_wconf 89' lang='lat' dir='ltr'>astarum</span> <span class='ocrx_word' id='word_1_207' title='bbox 836 2848 871 2908; x_wconf 90' lang='lat' dir='ltr'>et</span> <span class='ocrx_word' id='word_1_208' title='bbox 895 2843 1155 2907; x_wconf 88' lang='lat' dir='ltr'>conculcatione</span> <span class='ocrx_word' id='word_1_209' title='bbox 1175 2862 1341 2925; x_wconf 88' lang='lat' dir='ltr'>equorum</span> <span class='ocrx_word' id='word_1_210' title='bbox 1355 2861 1464 2924; x_wconf 87' lang='lat' dir='ltr'>usque</span> 
     </span>
     <span class='ocr_line' id='line_1_27' title="bbox 294 2929 1464 3016; baseline -0.001 -21"><span class='ocrx_word' id='word_1_211' title='bbox 294 2933 338 2995; x_wconf 93' lang='lat' dir='ltr'>ad</span> <span class='ocrx_word' id='word_1_212' title='bbox 368 2933 540 2995; x_wconf 83' lang='lat' dir='ltr'>carosium</span> <span class='ocrx_word' id='word_1_213' title='bbox 569 2933 774 3014; x_wconf 91' lang='lat' dir='ltr'>quandoque</span> <span class='ocrx_word' id='word_1_214' title='bbox 804 2932 980 3016; x_wconf 88' lang='lat' dir='ltr'>aperiebat</span> <span class='ocrx_word' id='word_1_215' title='bbox 1010 2936 1046 2996; x_wconf 91' lang='lat' dir='ltr'>et</span> <span class='ocrx_word' id='word_1_216' title='bbox 1068 2931 1230 2995; x_wconf 83' lang='lat' dir='ltr'>faciebat.</span> <span class='ocrx_word' id='word_1_217' title='bbox 1276 2929 1464 3014; x_wconf 89' lang='lat' dir='ltr'>Populares</span> 
     </span>
     <span class='ocr_line' id='line_1_28' title="bbox 292 3019 1464 3105; baseline -0.002 -22"><span class='ocrx_word' id='word_1_218' title='bbox 292 3041 373 3084; x_wconf 90' lang='lat' dir='ltr'>vero</span> <span class='ocrx_word' id='word_1_219' title='bbox 403 3022 494 3105; x_wconf 93' lang='lat' dir='ltr'>ipsos</span> <span class='ocrx_word' id='word_1_220' title='bbox 524 3019 653 3084; x_wconf 88' lang='lat' dir='ltr'>lanceis</span> <span class='ocrx_word' id='word_1_221' title='bbox 684 3025 720 3084; x_wconf 89' lang='lat' dir='ltr'>et</span> <span class='ocrx_word' id='word_1_222' title='bbox 749 3021 887 3084; x_wconf 89' lang='lat' dir='ltr'>ensibus</span> <span class='ocrx_word' id='word_1_223' title='bbox 915 3024 950 3084; x_wconf 92' lang='lat' dir='ltr'>et</span> <span class='ocrx_word' id='word_1_224' title='bbox 973 3020 1147 3103; x_wconf 90' lang='lat' dir='ltr'>lapidibus</span> <span class='ocrx_word' id='word_1_225' title='bbox 1170 3019 1369 3102; x_wconf 85' lang='lat' dir='ltr'>gravissime</span> <span class='ocrx_word' id='word_1_226' title='bbox 1393 3038 1464 3102; x_wconf 89' lang='lat' dir='ltr'>per·</span> 
     </span>
     <span class='ocr_line' id='line_1_29' title="bbox 293 3107 1464 3185; baseline -0.002 -13"><span class='ocrx_word' id='word_1_227' title='bbox 293 3109 475 3173; x_wconf 89' lang='lat' dir='ltr'>cuciebant</span> <span class='ocrx_word' id='word_1_228' title='bbox 491 3111 526 3173; x_wconf 92' lang='lat' dir='ltr'>et</span> <span class='ocrx_word' id='word_1_229' title='bbox 541 3109 772 3173; x_wconf 88' lang='lat' dir='ltr'>vulnerabant</span> <span class='ocrx_word' id='word_1_230' title='bbox 787 3112 823 3172; x_wconf 90' lang='lat' dir='ltr'>et</span> <span class='ocrx_word' id='word_1_231' title='bbox 838 3108 966 3172; x_wconf 90' lang='lat' dir='ltr'>multos</span> <span class='ocrx_word' id='word_1_232' title='bbox 987 3109 1090 3172; x_wconf 86' lang='lat' dir='ltr'>morti</span> <span class='ocrx_word' id='word_1_233' title='bbox 1112 3109 1341 3185; x_wconf 89' lang='lat' dir='ltr'>tradiderunt,</span> <span class='ocrx_word' id='word_1_234' title='bbox 1365 3107 1464 3171; x_wconf 91' lang='lat' dir='ltr'>nullo</span> 
     </span>
     <span class='ocr_line' id='line_1_30' title="bbox 293 3197 1464 3278; baseline -0.001 -17"><span class='ocrx_word' id='word_1_235' title='bbox 293 3198 393 3261; x_wconf 92' lang='lat' dir='ltr'>modo</span> <span class='ocrx_word' id='word_1_236' title='bbox 417 3218 438 3261; x_wconf 90' lang='lat' dir='ltr'>a</span> <span class='ocrx_word' id='word_1_237' title='bbox 462 3198 594 3261; x_wconf 89' lang='lat' dir='ltr'>caroeio</span> <span class='ocrx_word' id='word_1_238' title='bbox 618 3198 843 3273; x_wconf 88' lang='lat' dir='ltr'>discedentes,</span> <span class='ocrx_word' id='word_1_239' title='bbox 874 3197 935 3260; x_wconf 89' lang='lat' dir='ltr'>sed</span> <span class='ocrx_word' id='word_1_240' title='bbox 966 3197 1056 3260; x_wconf 91' lang='lat' dir='ltr'>circa</span> <span class='ocrx_word' id='word_1_241' title='bbox 1086 3217 1165 3260; x_wconf 91' lang='lat' dir='ltr'>eum</span> <span class='ocrx_word' id='word_1_242' title='bbox 1187 3197 1464 3278; x_wconf 81' lang='lat' dir='ltr'>frequentissime</span> 
     </span>
     <span class='ocr_line' id='line_1_31' title="bbox 292 3283 1464 3367; baseline -0.003 -17"><span class='ocrx_word' id='word_1_243' title='bbox 292 3289 434 3351; x_wconf 88' lang='lat' dir='ltr'>stantes.</span> <span class='ocrx_word' id='word_1_244' title='bbox 481 3286 611 3350; x_wconf 87' lang='lat' dir='ltr'>Milites</span> <span class='ocrx_word' id='word_1_245' title='bbox 640 3291 756 3349; x_wconf 87' lang='lat' dir='ltr'>autem</span> <span class='ocrx_word' id='word_1_246' title='bbox 779 3285 956 3350; x_wconf 89' lang='lat' dir='ltr'>Placentie</span> <span class='ocrx_word' id='word_1_247' title='bbox 980 3288 1016 3349; x_wconf 91' lang='lat' dir='ltr'>et</span> <span class='ocrx_word' id='word_1_248' title='bbox 1039 3285 1163 3362; x_wconf 83' lang='lat' dir='ltr'>Brixis,</span> <span class='ocrx_word' id='word_1_249' title='bbox 1195 3283 1361 3367; x_wconf 90' lang='lat' dir='ltr'>populum</span> <span class='ocrx_word' id='word_1_250' title='bbox 1391 3304 1464 3347; x_wconf 89' lang='lat' dir='ltr'>sna·</span> 
     </span>
     <span class='ocr_line' id='line_1_32' title="bbox 292 3372 1462 3457; baseline -0.003 -19"><span class='ocrx_word' id='word_1_251' title='bbox 292 3375 427 3450; x_wconf 91' lang='lat' dir='ltr'>dentes,</span> <span class='ocrx_word' id='word_1_252' title='bbox 459 3378 578 3439; x_wconf 89' lang='lat' dir='ltr'>contra</span> <span class='ocrx_word' id='word_1_253' title='bbox 607 3375 763 3438; x_wconf 87' lang='lat' dir='ltr'>inimicos</span> <span class='ocrx_word' id='word_1_254' title='bbox 794 3374 999 3457; x_wconf 88' lang='lat' dir='ltr'>quandoque</span> <span class='ocrx_word' id='word_1_255' title='bbox 1028 3392 1155 3455; x_wconf 89' lang='lat' dir='ltr'>magna</span> <span class='ocrx_word' id='word_1_256' title='bbox 1180 3372 1227 3450; x_wconf 90' lang='lat' dir='ltr'>vi,</span> <span class='ocrx_word' id='word_1_257' title='bbox 1259 3373 1354 3455; x_wconf 91' lang='lat' dir='ltr'>equis</span> <span class='ocrx_word' id='word_1_258' title='bbox 1385 3393 1462 3436; x_wconf 90' lang='lat' dir='ltr'>cum</span> 
     </span>
     <span class='ocr_line' id='line_1_33' title="bbox 292 3463 1463 3546; baseline -0.003 -19"><span class='ocrx_word' id='word_1_259' title='bbox 292 3464 487 3528; x_wconf 80' lang='lat' dir='ltr'>carceribus</span> <span class='ocrx_word' id='word_1_260' title='bbox 510 3464 622 3539; x_wconf 89' lang='lat' dir='ltr'>tactis,</span> <span class='ocrx_word' id='word_1_261' title='bbox 653 3465 822 3546; x_wconf 88' lang='lat' dir='ltr'>impetum</span> <span class='ocrx_word' id='word_1_262' title='bbox 848 3463 1026 3538; x_wconf 84' lang='lat' dir='ltr'>facientes,</span> <span class='ocrx_word' id='word_1_263' title='bbox 1057 3463 1148 3546; x_wconf 91' lang='lat' dir='ltr'>ipsos</span> <span class='ocrx_word' id='word_1_264' title='bbox 1171 3463 1404 3546; x_wconf 89' lang='lat' dir='ltr'>percutientes</span> <span class='ocrx_word' id='word_1_265' title='bbox 1428 3465 1463 3525; x_wconf 92' lang='lat' dir='ltr'>et</span> 
     </span>
     <span class='ocr_line' id='line_1_34' title="bbox 291 3549 1464 3635; baseline -0.003 -20"><span class='ocrx_word' id='word_1_266' title='bbox 291 3552 522 3629; x_wconf 81' lang='lat' dir='ltr'>vulnerantes,</span> <span class='ocrx_word' id='word_1_267' title='bbox 548 3553 586 3616; x_wconf 93' lang='lat' dir='ltr'>in</span> <span class='ocrx_word' id='word_1_268' title='bbox 608 3553 729 3634; x_wconf 84' lang='lat' dir='ltr'>fugam</span> <span class='ocrx_word' id='word_1_269' title='bbox 752 3552 854 3635; x_wconf 89' lang='lat' dir='ltr'>longe</span> <span class='ocrx_word' id='word_1_270' title='bbox 878 3572 899 3615; x_wconf 87' lang='lat' dir='ltr'>a</span> <span class='ocrx_word' id='word_1_271' title='bbox 921 3551 1049 3635; x_wconf 92' lang='lat' dir='ltr'>populo</span> <span class='ocrx_word' id='word_1_272' title='bbox 1073 3571 1129 3614; x_wconf 90' lang='lat' dir='ltr'>eos</span> <span class='ocrx_word' id='word_1_273' title='bbox 1152 3551 1350 3614; x_wconf 87' lang='lat' dir='ltr'>mittebant.</span> <span class='ocrx_word' id='word_1_274' title='bbox 1397 3549 1464 3612; x_wconf 93' lang='lat' dir='ltr'>Im·</span> 
     </span>
     <span class='ocr_line' id='line_1_35' title="bbox 291 3639 1463 3726; baseline -0.003 -20"><span class='ocrx_word' id='word_1_275' title='bbox 291 3645 430 3726; x_wconf 88' lang='lat' dir='ltr'>perator</span> <span class='ocrx_word' id='word_1_276' title='bbox 445 3643 633 3706; x_wconf 83' lang='lat' dir='ltr'>exercitum</span> <span class='ocrx_word' id='word_1_277' title='bbox 651 3640 802 3703; x_wconf 90' lang='lat' dir='ltr'>militum</span> <span class='ocrx_word' id='word_1_278' title='bbox 826 3644 861 3704; x_wconf 91' lang='lat' dir='ltr'>et</span> <span class='ocrx_word' id='word_1_279' title='bbox 883 3641 991 3704; x_wconf 91' lang='lat' dir='ltr'>totius</span> <span class='ocrx_word' id='word_1_280' title='bbox 1014 3639 1128 3722; x_wconf 88' lang='lat' dir='ltr'>gentis</span> <span class='ocrx_word' id='word_1_281' title='bbox 1151 3659 1211 3702; x_wconf 90' lang='lat' dir='ltr'>sue</span> <span class='ocrx_word' id='word_1_282' title='bbox 1236 3639 1463 3703; x_wconf 82' lang='lat' dir='ltr'>confortando</span> 
     </span>
     <span class='ocr_line' id='line_1_36' title="bbox 292 3728 1463 3812; baseline -0.003 -18"><span class='ocrx_word' id='word_1_283' title='bbox 292 3734 328 3794; x_wconf 87' lang='lat' dir='ltr'>et</span> <span class='ocrx_word' id='word_1_284' title='bbox 350 3731 535 3808; x_wconf 89' lang='lat' dir='ltr'>suadendo,</span> <span class='ocrx_word' id='word_1_285' title='bbox 567 3733 608 3792; x_wconf 91' lang='lat' dir='ltr'>ut</span> <span class='ocrx_word' id='word_1_286' title='bbox 636 3729 783 3793; x_wconf 92' lang='lat' dir='ltr'>viriliter</span> <span class='ocrx_word' id='word_1_287' title='bbox 807 3732 1011 3812; x_wconf 84' lang='lat' dir='ltr'>pugnarent,</span> <span class='ocrx_word' id='word_1_288' title='bbox 1044 3732 1098 3792; x_wconf 82' lang='lat' dir='ltr'>et⁰</span> <span class='ocrx_word' id='word_1_289' title='bbox 1126 3729 1265 3792; x_wconf 83' lang='lat' dir='ltr'>fortiter</span> <span class='ocrx_word' id='word_1_290' title='bbox 1289 3728 1333 3791; x_wconf 91' lang='lat' dir='ltr'>ad</span> <span class='ocrx_word' id='word_1_291' title='bbox 1357 3728 1463 3812; x_wconf 87' lang='lat' dir='ltr'>expri-</span> 
     </span>
    </p>
   </div>
   <div class='ocr_carea' id='block_1_5' title="bbox 291 3816 1464 4168">
    <p class='ocr_par' dir='ltr' id='par_1_6' title="bbox 291 3816 1464 4168">
     <span class='ocr_line' id='line_1_37' title="bbox 291 3816 1463 3902; baseline -0.003 -21"><span class='ocrx_word' id='word_1_292' title='bbox 291 3821 474 3884; x_wconf 76' lang='lat' dir='ltr'>mendum⁰</span> <span class='ocrx_word' id='word_1_293' title='bbox 509 3818 675 3902; x_wconf 84' lang='lat' dir='ltr'>populum</span> <span class='ocrx_word' id='word_1_294' title='bbox 704 3818 859 3881; x_wconf 87' lang='lat' dir='ltr'>instabat</span> <span class='ocrx_word' id='word_1_295' title='bbox 889 3821 924 3881; x_wconf 88' lang='lat' dir='ltr'>et</span> <span class='ocrx_word' id='word_1_296' title='bbox 954 3837 1015 3901; x_wconf 91' lang='lat' dir='ltr'>per</span> <span class='ocrx_word' id='word_1_297' title='bbox 1044 3819 1157 3900; x_wconf 82' lang='lat' dir='ltr'>girum</span> <span class='ocrx_word' id='word_1_298' title='bbox 1187 3837 1263 3880; x_wconf 88' lang='lat' dir='ltr'>eum</span> <span class='ocrx_word' id='word_1_299' title='bbox 1293 3816 1463 3879; x_wconf 87' lang='lat' dir='ltr'>militibus</span> 
     </span>
     <span class='ocr_line' id='line_1_38' title="bbox 291 3905 1464 3992; baseline -0.003 -21"><span class='ocrx_word' id='word_1_300' title='bbox 291 3911 327 3971; x_wconf 91' lang='lat' dir='ltr'>et</span> <span class='ocrx_word' id='word_1_301' title='bbox 356 3908 531 3992; x_wconf 87' lang='lat' dir='ltr'>peditibus</span> <span class='ocrx_word' id='word_1_302' title='bbox 564 3907 633 3970; x_wconf 92' lang='lat' dir='ltr'>suis</span> <span class='ocrx_word' id='word_1_303' title='bbox 666 3926 723 3970; x_wconf 91' lang='lat' dir='ltr'>eos</span> <span class='ocrx_word' id='word_1_304' title='bbox 755 3907 954 3989; x_wconf 89' lang='lat' dir='ltr'>gravissime</span> <span class='ocrx_word' id='word_1_305' title='bbox 988 3906 1229 3990; x_wconf 87' lang='lat' dir='ltr'>impugnabat,</span> <span class='ocrx_word' id='word_1_306' title='bbox 1265 3905 1326 3968; x_wconf 91' lang='lat' dir='ltr'>sed</span> <span class='ocrx_word' id='word_1_307' title='bbox 1356 3925 1413 3969; x_wconf 91' lang='lat' dir='ltr'>eos</span> <span class='ocrx_word' id='word_1_308' title='bbox 1443 3925 1464 3968; x_wconf 88' lang='lat' dir='ltr'>a</span> 
     </span>
     <span class='ocr_line' id='line_1_39' title="bbox 292 3989 1464 4079; baseline -0.003 -20"><span class='ocrx_word' id='word_1_309' title='bbox 292 3997 424 4060; x_wconf 89' lang='lat' dir='ltr'>carooio</span> <span class='ocrx_word' id='word_1_310' title='bbox 453 3995 552 4060; x_wconf 81' lang='lat' dir='ltr'>nullo</span> <span class='ocrx_word' id='word_1_311' title='bbox 581 3997 683 4059; x_wconf 91' lang='lat' dir='ltr'>modo</span> <span class='ocrx_word' id='word_1_312' title='bbox 713 3996 888 4060; x_wconf 87' lang='lat' dir='ltr'>discedere</span> <span class='ocrx_word' id='word_1_313' title='bbox 913 3989 1069 4078; x_wconf 72' lang='lat' dir='ltr'>[faceres]</span> <span class='ocrx_word' id='word_1_314' title='bbox 1099 3997 1245 4079; x_wconf 85' lang='lat' dir='ltr'>poterat.</span> <span class='ocrx_word' id='word_1_315' title='bbox 1293 3992 1464 4059; x_wconf 78' lang='lat' dir='ltr'>Credebat</span> 
     </span>
     <span class='ocr_line' id='line_1_40' title="bbox 291 4083 1463 4168; baseline 0 -20"><span class='ocrx_word' id='word_1_316' title='bbox 291 4085 383 4148; x_wconf 88' lang='lat' dir='ltr'>enim</span> <span class='ocrx_word' id='word_1_317' title='bbox 417 4085 603 4168; x_wconf 90' lang='lat' dir='ltr'>imperator</span> <span class='ocrx_word' id='word_1_318' title='bbox 637 4083 804 4168; x_wconf 91' lang='lat' dir='ltr'>populum</span> <span class='ocrx_word' id='word_1_319' title='bbox 838 4087 874 4148; x_wconf 92' lang='lat' dir='ltr'>et</span> <span class='ocrx_word' id='word_1_320' title='bbox 905 4085 1075 4148; x_wconf 88' lang='lat' dir='ltr'>earocium</span> <span class='ocrx_word' id='word_1_321' title='bbox 1109 4087 1145 4148; x_wconf 89' lang='lat' dir='ltr'>et</span> <span class='ocrx_word' id='word_1_322' title='bbox 1179 4085 1319 4166; x_wconf 89' lang='lat' dir='ltr'>gentem</span> <span class='ocrx_word' id='word_1_323' title='bbox 1352 4085 1463 4148; x_wconf 86' lang='lat' dir='ltr'>totam</span> 
     </span>
    </p>
   </div>
   <div class='ocr_carea' id='block_1_6' title="bbox 290 4237 1464 4502">
    <p class='ocr_par' dir='ltr' id='par_1_7' title="bbox 290 4237 1464 4502">
     <span class='ocr_line' id='line_1_41' title="bbox 291 4237 1463 4290; baseline -0.003 -12"><span class='ocrx_word' id='word_1_324' title='bbox 291 4241 313 4287; x_wconf 85' lang='lat' dir='ltr'>a)</span> <span class='ocrx_word' id='word_1_325' title='bbox 327 4244 483 4278; x_wconf 85' lang='lat' dir='ltr'>consumentes</span> <span class='ocrx_word' id='word_1_326' title='bbox 498 4239 528 4288; x_wconf 88' lang='lat' dir='ltr'>P;</span> <span class='ocrx_word' id='word_1_327' title='bbox 550 4243 740 4278; x_wconf 83' lang='lat' dir='ltr'>consumeverunt</span> <span class='ocrx_word' id='word_1_328' title='bbox 753 4239 785 4288; x_wconf 82' lang='grc' dir='ltr'>Β;</span> <span class='ocrx_word' id='word_1_329' title='bbox 806 4249 850 4277; x_wconf 84' lang='lat' dir='ltr'>non</span> <span class='ocrx_word' id='word_1_330' title='bbox 863 4239 945 4288; x_wconf 80' lang='lat' dir='ltr'>dubito,</span> <span class='ocrx_word' id='word_1_331' title='bbox 964 4239 1015 4290; x_wconf 72' lang='lat' dir='ltr'>quin</span> <span class='ocrx_word' id='word_1_332' title='bbox 1030 4238 1124 4286; x_wconf 75' lang='lat' dir='ltr'>Codaan.</span> <span class='ocrx_word' id='word_1_333' title='bbox 1139 4241 1296 4278; x_wconf 74' lang='lat' dir='ltr'>consumantes</span> <span class='ocrx_word' id='word_1_334' title='bbox 1314 4237 1426 4285; x_wconf 74' lang='lat' dir='ltr'>scripserit</span> <span class='ocrx_word' id='word_1_335' title='bbox 1440 4240 1463 4274; x_wconf 84' lang='lat' dir='ltr'>ut</span> 
     </span>
     <span class='ocr_line' id='line_1_42' title="bbox 291 4289 1463 4343; baseline -0.002 -13"><span class='ocrx_word' id='word_1_336' title='bbox 291 4293 344 4331; x_wconf 79' lang='lat' dir='ltr'>locis</span> <span class='ocrx_word' id='word_1_337' title='bbox 363 4292 398 4334; x_wconf 60' lang='grc' dir='ltr'>(Ν,</span> <span class='ocrx_word' id='word_1_338' title='bbox 413 4289 502 4331; x_wconf 78' lang='lat' dir='ltr'>Archlv&#39;</span> <span class='ocrx_word' id='word_1_339' title='bbox 517 4292 580 4343; x_wconf 84' lang='lat' dir='ltr'>XVI,</span> <span class='ocrx_word' id='word_1_340' title='bbox 596 4304 620 4342; x_wconf 77' lang='lat' dir='ltr'>p.</span> <span class='ocrx_word' id='word_1_341' title='bbox 634 4293 680 4333; x_wconf 76' lang='lat'>262.</span> <span class='ocrx_word' id='word_1_342' title='bbox 694 4293 741 4335; x_wconf 70' lang='lat'>274,</span> <span class='ocrx_word' id='word_1_343' title='bbox 759 4293 842 4342; x_wconf 80' lang='lat' dir='ltr'>allatis,</span> <span class='ocrx_word' id='word_1_344' title='bbox 861 4293 1007 4342; x_wconf 71' lang='lat' dir='ltr'>peccamen</span> <span class='ocrx_word' id='word_1_345' title='bbox 1024 4291 1104 4330; x_wconf 56' lang='lat' dir='ltr'>codiee</span> <span class='ocrx_word' id='word_1_346' title='bbox 1117 4291 1137 4329; x_wconf 93' lang='lat' dir='ltr'><em>B</em></span> <span class='ocrx_word' id='word_1_347' title='bbox 1154 4291 1280 4332; x_wconf 65' lang='lat' dir='ltr'>commorit.</span> <span class='ocrx_word' id='word_1_348' title='bbox 1350 4290 1373 4338; x_wconf 90' lang='lat' dir='ltr'>b)</span> <span class='ocrx_word' id='word_1_349' title='bbox 1392 4301 1463 4339; x_wconf 86' lang='lat' dir='ltr'>usque</span> 
     </span>
     <span class='ocr_line' id='line_1_43' title="bbox 291 4342 1464 4395; baseline -0.002 -11"><span class='ocrx_word' id='word_1_350' title='bbox 291 4346 342 4388; x_wconf 77' lang='lat' dir='ltr'>add.</span> <span class='ocrx_word' id='word_1_351' title='bbox 356 4347 381 4388; x_wconf 89' lang='lat' dir='ltr'>P.</span> <span class='ocrx_word' id='word_1_352' title='bbox 436 4349 456 4394; x_wconf 85' lang='lat' dir='ltr'>c)</span> <span class='ocrx_word' id='word_1_353' title='bbox 470 4346 526 4384; x_wconf 70' lang='lat' dir='ltr'>east</span> <span class='ocrx_word' id='word_1_354' title='bbox 540 4347 565 4388; x_wconf 89' lang='lat' dir='ltr'>P.</span> <span class='ocrx_word' id='word_1_355' title='bbox 625 4343 649 4394; x_wconf 90' lang='lat' dir='ltr'>d)</span> <span class='ocrx_word' id='word_1_356' title='bbox 662 4347 694 4384; x_wconf 80' lang='lat' dir='ltr'>etc</span> <span class='ocrx_word' id='word_1_357' title='bbox 708 4347 739 4395; x_wconf 89' lang='lat' dir='ltr'>P,·</span> <span class='ocrx_word' id='word_1_358' title='bbox 760 4346 872 4386; x_wconf 66' lang='lat' dir='ltr'>tectetites</span> <span class='ocrx_word' id='word_1_359' title='bbox 886 4346 912 4388; x_wconf 90' lang='grc' dir='ltr'>Β,</span> <span class='ocrx_word' id='word_1_360' title='bbox 972 4347 992 4393; x_wconf 83' lang='lat' dir='ltr'>e)</span> <span class='ocrx_word' id='word_1_361' title='bbox 1007 4342 1163 4394; x_wconf 88' lang='lat' dir='ltr'>oprimendum</span> <span class='ocrx_word' id='word_1_362' title='bbox 1177 4345 1207 4394; x_wconf 75' lang='lat' dir='ltr'>P3</span> <span class='ocrx_word' id='word_1_363' title='bbox 1228 4345 1265 4382; x_wconf 80' lang='lat' dir='ltr'>sed</span> <span class='ocrx_word' id='word_1_364' title='bbox 1279 4343 1374 4392; x_wconf 73' lang='lat' dir='ltr'>Codapn,</span> <span class='ocrx_word' id='word_1_365' title='bbox 1386 4347 1411 4381; x_wconf 83' lang='lat' dir='ltr'>ut</span> <span class='ocrx_word' id='word_1_366' title='bbox 1425 4353 1464 4382; x_wconf 84' lang='lat' dir='ltr'>ax·</span> 
     </span>
     <span class='ocr_line' id='line_1_44' title="bbox 291 4396 1464 4449; baseline -0.003 -11"><span class='ocrx_word' id='word_1_367' title='bbox 291 4410 391 4448; x_wconf 77' lang='lat' dir='ltr'>pugnare</span> <span class='ocrx_word' id='word_1_368' title='bbox 401 4410 446 4447; x_wconf 82' lang='lat' dir='ltr'>pro</span> <span class='ocrx_word' id='word_1_369' title='bbox 457 4409 587 4448; x_wconf 74' lang='lat' dir='ltr'>oppugnare</span> <span class='ocrx_word' id='word_1_370' title='bbox 601 4399 715 4448; x_wconf 77' lang='lat' dir='ltr'>(ct.paulo</span> <span class='ocrx_word' id='word_1_371' title='bbox 724 4401 823 4448; x_wconf 71' lang='lat' dir='ltr'>aripertus</span> <span class='ocrx_word' id='word_1_372' title='bbox 832 4403 881 4448; x_wconf 83' lang='lat' dir='ltr'>etp.</span> <span class='ocrx_word' id='word_1_373' title='bbox 889 4400 922 4449; x_wconf 79' lang='lat'>38,</span> <span class='ocrx_word' id='word_1_374' title='bbox 933 4411 953 4441; x_wconf 79' lang='lat' dir='ltr'>a.</span> <span class='ocrx_word' id='word_1_375' title='bbox 961 4402 998 4448; x_wconf 88' lang='lat' dir='ltr'>q),</span> <span class='ocrx_word' id='word_1_376' title='bbox 1012 4399 1043 4437; x_wconf 82' lang='lat' dir='ltr'>ele</span> <span class='ocrx_word' id='word_1_377' title='bbox 1053 4398 1180 4448; x_wconf 80' lang='lat' dir='ltr'>exprimere</span> <span class='ocrx_word' id='word_1_378' title='bbox 1189 4408 1235 4446; x_wconf 78' lang='lat' dir='ltr'>pro</span> <span class='ocrx_word' id='word_1_379' title='bbox 1245 4397 1372 4446; x_wconf 87' lang='lat' dir='ltr'>opprimere</span> <span class='ocrx_word' id='word_1_380' title='bbox 1382 4396 1464 4440; x_wconf 77' lang='lat' dir='ltr'>scribit.</span> 
     </span>
     <span class='ocr_line' id='line_1_45' title="bbox 290 4453 709 4502; baseline 0.01 -11"><span class='ocrx_word' id='word_1_381' title='bbox 290 4455 308 4500; x_wconf 78' lang='lat'>0</span> <span class='ocrx_word' id='word_1_382' title='bbox 320 4453 425 4502; x_wconf 79' lang='lat' dir='ltr'>supplevi,</span> <span class='ocrx_word' id='word_1_383' title='bbox 439 4453 496 4492; x_wconf 79' lang='lat' dir='ltr'>deest</span> <span class='ocrx_word' id='word_1_384' title='bbox 508 4453 529 4491; x_wconf 90' lang='lat' dir='ltr'><em>B</em></span> <span class='ocrx_word' id='word_1_385' title='bbox 541 4453 574 4499; x_wconf 88' lang='lat' dir='ltr'>(P</span> <span class='ocrx_word' id='word_1_386' title='bbox 584 4453 636 4491; x_wconf 80' lang='lat' dir='ltr'>haer</span> <span class='ocrx_word' id='word_1_387' title='bbox 651 4457 709 4502; x_wconf 71' lang='lat' dir='ltr'>om).</span> 
     </span>
    </p>
   </div>
   <div class='ocr_carea' id='block_1_7' title="bbox 0 0 1666 5146">
    <p class='ocr_par' dir='ltr' id='par_1_8' title="bbox 0 0 1666 5146">
     <span class='ocr_line' id='line_1_46' title="bbox 0 0 1666 5146; baseline 0 1"><span class='ocrx_word' id='word_1_388' title='bbox 0 0 1666 5146; x_wconf 95' lang='lat' dir='ltr'> </span> 
     </span>
    </p>
   </div>
  </div>
 </body>
</html>
