3324 5146
292 526 328 578 80
399 521 525 576 elisan
543 519 723 575 FEDERIOI
741 519 764 574 1.
783 519 864 576 Inff.
882 518 925 572 IN
943 515 1206 574 EXPEDITIONE
1225 519 1358 578 sncRA.

206 794 453 864 ineassum
485 704 637 876 agia
671 793 707 856 in
743 793 852 877 primo

293 903 418 966 magno
443 903 521 946 oum
547 882 665 947 favore
692 881 852 946 habuisse

293 969 853 1054 fertur.RexverotunoUngarie¹

293 1081 420 1143 magna
435 1080 513 1123 enm
528 1063 633 1142 gente
647 1058 853 1142 triumphali

294 1169 373 1213 enm
379 1149 509 1232 recepit
517 1169 631 1212 amore
639 1168 769 1213 sereno.
787 1147 852 1210 Im-

293 1241 430 1320 perator
445 1237 505 1301 ille
521 1237 645 1301 nobilis
662 1237 853 1320 Ungariam

292 1327 455 1390 transisse
497 1330 648 1390 testatur
690 1326 763 1390 sine
800 1329 852 1388 tn·

293 1415 417 1478 multu.
453 1415 567 1497 Igitur
581 1415 757 1478 Romanus
774 1434 853 1496 agu-

293 1507 367 1568 stus
377 1505 421 1568 ad
429 1503 853 1628 Constantinopolitanum

295 1592 481 1656 Oursaeum
519 1592 660 1655 nuntios
728 1591 852 1656 direxit

293 1682 489 1765 episcopum
524 1681 781 1756 Monasterii⁰·{
817 1684 852 1744 et

294 1769 454 1834 comitem
487 1770 675 1834 Robertum
712 1770 754 1833 de
786 1769 852 1832 Na-

293 1853 423 1935 shut-³,
458 1862 499 1922 ut
529 1859 560 1924 ei
589 1859 775 1922 transitum
803 1878 851 1922 re-

293 1947 404 2030 gionis
434 1947 593 2032 preberet
622 1949 695 2012 sine
717 1948 851 2010 timore.

1165 703 1207 766 B.

951 1502 1273 1566 MiseratRomanus
1281 1502 1469 1586 imperator

906 1592 951 1655 ad
985 1591 1191 1655 Oursaoum⁸
1227 1591 1468 1655 Constantino-

906 1679 1099 1764 politannm
1123 1680 1364 1764 imperatorem
1381 1702 1468 1742 nnn-

905 1769 982 1845 tios‚
996 1769 1128 1833 seilicet
1141 1769 1338 1853 episcopum
1349 1767 1467 1832 Mona-

906 1851 1023 1922 steriif
1041 1861 1077 1922 et
1093 1858 1253 1922 comitem
1264 1857 1465 1935 Robertum,

905 1950 946 2010 ut
974 1952 1075 2011 eumg
1106 1947 1274 2030 reciperet
1303 1947 1341 2008 in
1370 1967 1466 2029 paee.

294 2037 373 2120 ipse
403 2057 483 2101 vero
513 2057 570 2100 eos
601 2036 751 2100 detinuit
781 2040 817 2100 et
846 2035 1042 2119 preparavit
1071 2039 1141 2100 tres
1172 2056 1314 2118 magnos
1343 2035 1465 2099 exerei-

293 2129 350 2188 tus
385 2128 420 2189 et
454 2125 549 2188 misit
584 2117 666 2188 eos¹¹
701 2128 821 2188 eontra
855 2145 933 2188 enm
969 2124 1013 2188 ad
1047 2125 1230 2187 introitum
1263 2117 1464 2207 Burgariei,

293 2207 360 2276 utk
391 2207 614 2297 dissiparent¹
644 2214 735 2277 viam
758 2218 840 2277 ante
864 2232 953 2277 eum.
1000 2212 1115 2276 Eratm
1140 2214 1252 2277 enimn
1279 2213 1466 2276 maximum

293 2322 413 2366 nemus
432 2303 556 2366 itinere
573 2303 705 2366 dierum
721 2306 869 2385 quatuor
892 2305 927 2366 et
949 2301 1007 2365 via
1029 2302 1210 2366 artissima.
1249 2302 1369 2366 Preses
1385 2321 1465 2365 vero

294 2391 470 2474 Burgarie,
502 2412 579 2454 oum
601 2391 753 2455 videret⁰
782 2411 817 2455 se
847 2412 917 2454 non
946 2410 1045 2475 posse
1074 2391 1273 2474 imperatori
1295 2391 1463 2468 resistere,

294 2501 373 2544 oum
405 2480 610 2544 exercitibus
642 2480 737 2544 suist
772 2483 884 2544 totam
915 2480 1007 2543 viam
1042 2479 1221 2563 dissipavit
1256 2483 1291 2543 et
1325 2498 1466 2542 nemora

295 2572 415 2633 eontra
437 2589 516 2634 eum
540 2569 696 2632 stravitq.
743 2569 787 2631 In
811 2569 905 2632 exitu
920 2588 1000 2633 vero
1016 2568 1164 2632 nemoris
1180 2589 1342 2651 magnam
1357 2567 1466 2630 muni·

292 2657 444 2721 tionem⁴
473 2657 572 2734 iecit,
608 2663 707 2721 eumr
742 2657 947 2722 exercitibus
982 2657 1071 2720 illis⁸
1107 2658 1150 2720 ad
1180 2652 1351 2741 pugnarnt
1387 2676 1465 2720 enm

294 2766 407 2810 cesare
431 2767 467 2811 se
490 2746 696 2830 preparavit.
743 2747 937 2830 Imperator
958 2766 1040 2810 vero
1063 2765 1124 2829 per
1147 2766 1268 2809 nemus
1291 2745 1462 2808 maximou

293 2829 410 2900 labore
432 2837 521 2899 viam
545 2835 640 2900 feeit.
687 2835 767 2898 Dux
790 2855 870 2900 vero
894 2836 936 2899 de
953 2834 1099 2913 Suaven
1123 2834 1215 2897 filins
1238 2833 1463 2917 imperatoris,

294 2925 499 3008 precedebat
516 2945 594 2988 oum
610 2945 671 2989 suo
688 2925 856 3001 exereitu;
882 2928 916 2988 et
933 2944 1011 2987 eum
1026 2924 1213 2988 invenisset
1236 2922 1465 2986 munitionem

294 3017 329 3076 et
354 3014 575 3090 exereitum,
607 3034 685 3078 oum
716 3013 764 3078 eis
793 3011 985 3097 pugnavit5
1007 3015 1042 3076 et
1066 3012 1250 3075 maximam
1272 3011 1464 3074 multitudi-

293 3122 370 3166 nem
394 3101 534 3166 illorum
557 3101 734 3166 interiecit
757 3105 792 3166 et
814 3101 1043 3165 munitionem
1067 3102 1246 3165 destruxit.
1292 3099 1465 3163 Transivit

294 3543 316 3588 a)
330 3538 432 3580 additum
446 3541 473 3583 A.
519 3540 543 3591 b)
556 3538 642 3580 dimisit
656 3540 714 3589 add„
728 3541 766 3579 seri
779 3541 857 3583 clete⁴
899 3543 920 3589 o)
934 3541 1057 3580 monasteri
1071 3541 1097 3583 A.
1142 3537 1165 3588 d)
1179 3541 1210 3578 eir
1224 3540 1321 3589 Sioarrl.,·
1335 3539 1424 3580 Vasoha
1437 3541 1464 3581 Α.

294 3597 315 3642 ο)
329 3594 442 3632 inrsaeum
455 3595 484 3643 P3
499 3604 603 3632 ursanum
617 3594 860 3642 constantinopolitano
872 3594 1009 3644 imperatore
1022 3595 1048 3636 B.
1102 3594 1265 3641 simonesterii
1278 3594 1305 3636 13.
1359 3594 1381 3641 g)
1394 3593 1465 3639 son·

294 3647 356 3686 iilum
371 3647 454 3696 Ptpr'n.;
476 3657 514 3686 eos
528 3647 554 3688 B.
614 3647 638 3694 h)
651 3647 682 3685 eie
695 3647 762 3696 B.P,·
781 3648 838 3686 deest
852 3649 878 3688 A.
939 3648 956 3695 i)
969 3649 1000 3686 er'c
1013 3648 1039 3689 B.
1049 3648 1073 3689 P.
1088 3647 1180 3695 Sicori,
1201 3647 1266 3694 intro
1279 3648 1344 3686 stiam
1359 3647 1391 3693 A,·
1411 3645 1465 3684 Bul-

293 3700 356 3748 grrie
370 3699 453 3742 Am.
526 3699 550 3746 k)
568 3696 736 3739 detinerent
752 3697 876 3748 (detineret
888 3701 916 3748 B)
935 3710 995 3741 eum
1014 3706 1041 3740 et
1060 3701 1110 3742 add.
1124 3701 1184 3742 B.P.
1264 3701 1280 3748 l)
1296 3698 1418 3748 dissiparet
1432 3699 1463 3748 „13

294 3751 359 3802 disip.
373 3753 394 3790 B
407 3753 427 3794 h.
441 3753 456 3793 l.
470 3755 489 3790 et
504 3753 573 3800 infra.
640 3755 670 3800 m)
688 3754 719 3791 rie
733 3755 759 3795 Α,
773 3753 870 3802 saara.,·
892 3754 934 3793 Est
947 3755 1007 3802 ΕΡ.
1081 3756 1105 3800 ιι)
1124 3753 1184 3792 enim
1198 3751 1231 3791 ibi
1245 3753 1269 3795 P.
1284 3753 1366 3802 Pipr'n.;
1389 3755 1464 3790 autem

294 3807 325 3846 ibi
340 3807 380 3847 eir.
434 3807 456 3854 ο)
469 3806 500 3844 sic
514 3806 580 3853 nst
594 3805 662 3854 Burs.
676 3810 702 3845 ut
716 3803 829 3846 detineret
842 3808 868 3849 Β,
922 3809 945 3856 p)
960 3807 1004 3846 illis
1018 3807 1049 3857 33
1069 3807 1121 3846 totis
1136 3817 1171 3850 ex.
1186 3809 1256 3846 totam
1270 3807 1295 3849 P.
1349 3807 1372 3854 q)
1386 3808 1465 3844 eontra

294 3859 420 3899 construxit
433 3859 459 3901 B.
469 3859 494 3900 P.
554 3860 574 3905 r)
588 3860 656 3908 et135
679 3863 765 3898 etcum
779 3861 804 3902 P.
869 3861 1022 3908 s)e1nsB.P.
1086 3862 1104 3908 t)
1117 3856 1262 3909 pugnandum
1276 3859 1337 3903 Β.Ρ.
1398 3859 1420 3906 ιι)
1434 3858 1466 3896 eie

294 3914 354 3956 m.
368 3913 452 3962 Prpim
473 3912 542 3951 nimio
557 3913 583 3954 Β.
637 3915 660 3960 ι)
674 3913 753 3952 suauis
767 3913 792 3956 Β.
846 3915 877 3961 w)
890 3924 950 3956 mun.
965 3912 1078 3952 exercitui
1091 3914 1117 3956 B.

296 4072 321 4137 1)
340 4072 405 4123 Belo
424 4071 477 4126 ΙΙΙ.
558 4071 586 4138 2)
603 4071 789 4123 Hermannum
808 4072 846 4126 ΙΙ.

928 4071 955 4138 3)
972 4073 1069 4124 Plures
1087 4073 1169 4136 lopati
1185 4072 1305 4135 fuerunt.
1342 4070 1394 4123 Sed
1411 4085 1465 4122 eoe-

294 4143 350 4193 dem
369 4143 436 4194 duos
452 4149 556 4193 mnium
574 4143 714 4194 nominant
731 4143 847 4194 Panthei
864 4143 937 4196 Cortt.
950 4143 1086 4208 Eberbae„
1106 4142 1154 4195 SS.
1168 4141 1264 4207 XXII,
1282 4159 1310 4210 p.
1324 4142 1392 4203 34&
1410 4143 1465 4208 epi·

294 4213 362 4265 stolo
383 4212 430 4266 SS.
450 4213 514 4278 XX,
537 4230 566 4280 p.
583 4215 645 4268 494.
670 4213 758 4276 edita·
783 4214 854 4268 ,Aua
874 4214 972 4267 Mallio.
992 4214 1065 4268 Cant.
1085 4213 1185 4279 Zwetl„
1212 4213 1260 4265 SS.
1280 4212 1331 4278 IX,
1356 4230 1384 4280 p.
1402 4213 1465 4266 544.

293 4284 321 4350 4)
337 4284 411 4336 Haeo
428 4285 542 4335 munitio
560 4300 590 4336 ea
608 4284 712 4335 ridetur
730 4285 821 4350 fuisse,
846 4300 927 4352 quam
949 4285 1049 4351 reliam·
1065 4290 1184 4336 auctores
1202 4286 1310 4335 tertiam
1327 4284 1465 4334 clumam

293 4357 393 4422 dirum,
417 4360 511 4422 portae
529 4353 557 4408 S.
576 4355 686 4420 Basilii,
712 4356 731 4408 i.
750 4370 770 4405 e.
795 4356 886 4419 tbuoee
903 4372 973 4407 nunc
990 4357 1075 4406 diotae
1093 4354 1232 4417 nertenn-
1257 4356 1292 4418 οἵ.
1310 4354 1417 4406 nazar
1435 4355 1466 4404 in

295 4425 492 4490 ‘Foretbunpen
509 4441 533 4478 z.
552 4425 587 4477 D.
607 4425 709 4479 Greek!
727 4426 763 4490 X,
780 4443 809 4493 p.
822 4429 865 4480 33.
941 4427 968 4493 ὁ)
985 4425 1069 4477 Immo
1087 4427 1142 4477 m'so
1155 4427 1248 4493 primo
1265 4427 1372 4490 apmine
1389 4425 1468 4476 ducis

296 4498 393 4549 Graeci
409 4497 580 4548 munitionem
597 4495 771 4562 reliquerunt,
790 4503 820 4548 ut
837 4497 938 4563 reliqui
953 4503 1073 4548 auctores
1090 4497 1220 4560 referunt.
