3324 5146
292 475 417 530 GESTA
435 475 616 530 FEDERIOI
633 475 657 534 Ι.
675 474 942 530 IMPERATORIS
960 475 1003 530 IN
1021 473 1261 532 LOMBARDIA.
1332 479 1367 532 43

192 663 284 735 runt,
309 664 350 723 ut
371 663 484 723 castra
501 681 521 724 a
538 659 811 724 Oarcanensibus
836 661 1059 724 custodirent.
1106 659 1244 723 Pedites
1268 664 1366 742 porte
1378 673 1456 726 1160.

194 747 348 813 Oumane
378 753 568 832 posuerunt
599 750 643 812 ad
666 749 862 824 Taxariam;
894 753 980 830 quea
1009 751 1122 812 castra
1151 749 1366 832 imperatoris

194 857 214 900 a
238 839 357 900 castris
381 837 697 901 Mediolanensibus
721 858 791 900 non
815 837 992 900 distabant
1015 837 1073 912 ibi,
1102 837 1170 900 nisi
1198 841 1367 919 quantum

194 929 247 989 est
269 927 399 989 iactum
422 925 572 989 balliste.
610 925 792 989 Celebrate
815 925 932 1006 itaque
957 926 1073 988 divino
1097 925 1208 988 offitio
1232 929 1268 990 et
1292 946 1367 989 con-

192 1014 342 1078 fessione
358 1014 455 1077 iacta
477 1018 512 1078 et
535 1014 728 1097 penitentia
744 1017 895 1097 accepta,
920 1017 1160 1096 processerunt
1176 1015 1220 1077 ad
1236 1014 1367 1078 bellum

194 1123 273 1165 cum
289 1096 479 1179 carozerob,
504 1104 596 1184 quod
619 1103 656 1164 in
679 1106 781 1166 nocte
804 1103 971 1166 fecerant.
1018 1102 1156 1166 Pedites
1172 1123 1261 1179 vero,
1287 1104 1368 1185 quia

193 1191 359 1254 intererat
383 1211 514 1274 parum
544 1192 662 1254 statim
686 1211 727 1255 ex
750 1191 818 1254 eis⁰
846 1192 987 1273 quidam
1014 1191 1232 1254 intraverunt
1256 1195 1368 1254 castra

192 1280 408 1362 imperatoris
433 1283 468 1343 et
492 1283 657 1362 ceperunt
674 1279 821 1363 spoliare
838 1300 887 1343 ea.
923 1279 1116 1362 Imperator
1132 1299 1210 1342 cum
1226 1280 1368 1344 vidisset

194 1388 250 1432 eos
274 1371 433 1432 oneratos
457 1368 584 1451 spoliis,
610 1389 808 1452 progressus
833 1372 885 1431 est
909 1372 1031 1431 contra
1053 1388 1110 1431 eos
1134 1371 1170 1432 et
1194 1369 1236 1432 de
1252 1368 1367 1430 militi-

193 1457 257 1520 bus
286 1461 321 1520 et
349 1457 523 1540 peditibus
553 1456 623 1520 illis
654 1457 739 1520 alios
770 1457 906 1533 occidit,
938 1456 1024 1520 alios
1047 1456 1250 1534 vulneravit,
1283 1457 1368 1520 alios

194 1547 294 1630 cepit,
327 1546 412 1608 alios
443 1565 551 1628 usque
582 1547 626 1608 ad
651 1549 763 1608 castra
786 1566 904 1610 eorum
927 1545 1073 1628 fugavit.
1121 1541 1364 1610 (larroeerumd

474 1701 687 1766 Codapnetli
708 1701 875 1752 Libellus
898 1702 1088 1754 tristitiae.

194 1793 311 1869 bant1‚
344 1798 378 1858 et
409 1797 531 1857 contra
560 1795 672 1878 ipsum
703 1814 781 1878 sepe
813 1798 848 1858 et
880 1795 994 1878 sepius
1025 1795 1169 1858 deierati
1193 1804 1300 1868 erant,
1333 1799 1368 1858 et

194 1883 286 1964 quod
315 1883 568 1964 iniquissimum
598 1887 633 1946 et
663 1883 901 1966 gravissimum
924 1884 1061 1947 videtur
1085 1886 1120 1946 et
1143 1883 1249 1946 etiam
1278 1884 1368 1946 dete·

193 1971 264 2033 rius
295 1975 356 2048 est,
388 1972 514 2034 domno
544 1972 800 2055 archiepiscopo
830 1976 866 2036 et
895 1971 973 2035 urbi
1003 1971 1192 2036 Mediolani
1221 1971 1368 2035 rebelles

193 2060 231 2122 in
261 2062 429 2142 quantum
459 2064 620 2144 poterant
650 2082 711 2144 pro
740 2061 946 2144 imperatore
971 2060 1175 2124 existebant.
1224 2070 1368 2124 celebrato

193 2160 286 2227 itaque
305 2160 398 2213 divino
417 2160 504 2214 offitio
523 2165 551 2214 et
569 2160 738 2214 confessione
756 2150 793 2212 in
814 2149 954 2233 publica
973 2151 1136 2212 concione
1156 2160 1229 2213 facta
1248 2165 1275 2213 et
1292 2161 1368 2228 peni-

193 2249 281 2302 tenn'a
296 2238 338 2300 de
356 2237 491 2300 delictis
504 2258 622 2301 eorum
637 2254 757 2317 accepta,
780 2239 919 2320 agmina
935 2259 1052 2302 eorum
1067 2239 1105 2300 in
1120 2239 1213 2300 hunc
1229 2239 1369 2300 modum

195 2329 502 2388 construxerunt02
535 2326 578 2388 In
607 2327 718 2410 prima
748 2347 896 2408 namque
927 2327 1016 2390 actie
1039 2329 1228 2410 posuerunt
1252 2345 1369 2390 omnes

194 2414 322 2477 milites
346 2414 607 2478 adholescentes
635 2435 743 2496 usque
770 2417 807 2478 in
830 2409 985 2478 XXXVf
1019 2416 1128 2491 annis,
1161 2419 1195 2478 et
1225 2414 1369 2479 inerunt

194 2522 337 2566 numero
372 2502 468 2567 mille
503 2504 695 2587 quingenti.
751 2504 796 2566 In
830 2505 982 2568 secunda
1011 2524 1091 2569 vero
1127 2504 1216 2567 actio
1251 2523 1368 2567 omnes

195 2591 322 2655 milites
345 2611 453 2674 usque
477 2593 514 2655 in
537 2593 566 2656 L
590 2593 699 2670 annis,
724 2594 783 2676 qui
805 2593 949 2657 fuerunt
972 2593 1131 2656 similiter
1153 2592 1250 2656 mille
1274 2593 1368 2674 quin·

195 2681 302 2762 genti.
349 2681 393 2742 In
415 2682 522 2745 tertia
545 2683 634 2746 actie
658 2703 775 2746 omnes
799 2681 927 2746 milites
951 2683 1109 2757 seniores,
1130 2682 1219 2744 viros
1235 2681 1368 2744 nobiles

196 2772 231 2832 et
247 2770 443 2851 prudentes,
459 2775 703 2852 cognoscentes
718 2774 890 2853 temptare
905 2770 1082 2833 fortunam
1099 2769 1182 2832 belli
1199 2773 1234 2832 et
1251 2770 1366 2832 doctig

195 2851 367 2933 be110‚*et
390 2852 555 2922 fueruntll
582 2859 688 2922 mille.
735 2859 930 2922 Placentini
953 2859 1093 2940 quidem
1116 2861 1151 2920 et
1175 2857 1467 2922 Brixiensesaaa.

195 2946 324 3010 milites
354 2948 391 3010 in
420 2969 492 3011 una
519 2947 627 3011 sclera
650 2949 747 3010 iuxta
770 2947 945 3030 populum,
977 2947 1035 3028 qui
1066 2945 1302 3009 confortarent
1333 2949 1368 3009 et

196 3039 463 3100 manutenerent
491 3036 658 3120 populum
686 3039 722 3099 et
752 3035 917 3098 auxilium
947 3038 1143 3119 prestarent
1172 3033 1299 3117 populo
1324 3035 1369 3097 ad

197 3125 369 3187 carocium
398 3125 695 3188 manutenendum
725 3128 759 3188 et
790 3124 1055 3188 defendendum.
1103 3121 1178 3202 Quo
1207 3123 1302 3186 facto
1333 3127 1369 3188 et

196 3213 364 3289 ordinato,
393 3214 553 3276 asclerati
577 3214 778 3276 catervatim
800 3233 918 3277 versus
942 3213 1130 3277 exercitum
1152 3213 1368 3295 imperatoris

195 3305 414 3384 perexerunt
432 3323 503 3365 non
517 3295 711 3366 distabanti
730 3303 823 3366 enim
839 3301 882 3365 ab
895 3302 1112 3386 expeditione
1127 3295 1366 3384 imperatorisk

195 3383 273 3473 per¹
304 3391 456 3454 medium
478 3391 623 3454 miliare.

304 3477 421 3542 Oum111
450 3483 567 3542 autem
597 3480 929 3562 appropinquassent
958 3480 1055 3541 iuxta
1085 3481 1199 3542 castra
1227 3479 1368 3562 impera-

195 3567 290 3643 toris,
314 3567 408 3631 tubis
432 3572 468 3632 et
491 3566 566 3631 aliis
590 3568 696 3650 signis
720 3567 804 3632 belli
827 3587 888 3651 per
911 3571 1025 3650 partes
1049 3567 1273 3631 sonantibusn
1297 3588 1368 3650 pre·

195 3655 282 3718 lium
309 3657 484 3740 incipitur.
530 3657 661 3720 Milites
683 3677 764 3720 vero
792 3655 1052 3720 adhulescentes
1081 3657 1190 3740 primo
1220 3655 1368 3740 prelium

197 3765 275 3807 cum
298 3746 446 3826 quadam
462 3765 588 3828 magna
611 3745 720 3809 sclera
742 3745 958 3828 imperatoris
981 3745 1170 3809 inhierunt.
1207 3744 1369 3808 Certatur

196 3832 239 3896 ab
263 3837 410 3915 utraque
433 3837 532 3917 parte
555 3835 754 3916 gravissime
778 3838 813 3898 et
835 3834 1064 3916 iniquissime;
1089 3833 1191 3895 multi
1215 3832 1258 3896 ab
1277 3835 1368 3895 utra·

196 3941 261 4003 que
291 3926 391 4005 parte
421 3924 464 4006 de
494 3924 589 4004 equis
620 3926 701 3986 sunt
730 3922 875 4006 proiecti
905 3926 941 3986 et
970 3942 1031 4006 per
1059 3941 1217 4004 campum
1240 3921 1309 3984 huc
1332 3926 1369 3986 et

196 4061 217 4106 a)
232 4060 285 4109 quia
299 4071 356 4100 corr.
371 4059 452 4102 Murci.
519 4059 543 4106 b)
557 4071 666 4098 carozeno
681 4060 707 4101 A.
770 4061 790 4106 o)
805 4059 928 4106 emmam
948 4063 975 4100 st.
990 4069 1030 4097 sex
1045 4059 1072 4100 A.
1140 4055 1163 4106 d)
1176 4056 1328 4097 Carrocenum
1342 4059 1369 4101 A.

196 4115 217 4159 e)
232 4114 398 4152 constituerunt
407 4112 437 4155 Ῥ.
477 4112 538 4162 Osis
547 4113 568 4151 P
579 4114 647 4162 (quod
656 4113 795 4160 probabilius
808 4113 916 4161 videtur),·
929 4112 1010 4150 XXXX
1023 4112 1049 4154 B.
1089 4113 1111 4160 g)
1124 4113 1154 4150 aio
1163 4112 1189 4152 B.
1237 4112 1369 4160 innumero

197 4166 247 4207 aad.
261 4167 286 4207 P.
340 4167 356 4212 i)
370 4167 401 4204 sic
414 4167 444 4214 P;
461 4163 560 4204 distabat
573 4167 600 4208 Β.
653 4167 677 4213 k)
691 4166 735 4204 nisi
748 4167 890 4214 supplendum
904 4165 995 4206 videtur.
1049 4165 1065 4211 l)
1080 4176 1101 4214 p.
1114 4176 1143 4206 m.
1157 4165 1203 4207 mil.
1217 4175 1244 4204 cx
1257 4167 1278 4203 P
1289 4166 1368 4214 suppl„

196 4220 239 4260 cies.
248 4220 268 4257 B
281 4221 354 4267 spatio
368 4221 473 4258 dimidiae
486 4220 555 4256 lineae
568 4230 636 4257 vacuo
650 4220 731 4261 relicto.
776 4222 806 4267 m)
820 4218 896 4258 neum
910 4218 937 4266 Β,
953 4219 1027 4257 littera
1040 4218 1060 4256 M
1075 4219 1142 4257 ininio
1152 4220 1220 4267 picta.
1260 4221 1285 4266 n)
1298 4220 1329 4256 uic
1338 4219 1368 4266 P;

196 4278 286 4312 sonutes
301 4273 331 4322 B;
346 4274 375 4320 cf.
390 4273 425 4314 ‘M
435 4269 524 4311 Archiv'
538 4272 602 4322 XVI,
613 4283 638 4321 p,
647 4273 693 4314 273.

197 4379 223 4444 1)
242 4379 283 4442 Of.
304 4379 380 4432 Gala
398 4380 534 4444 memo,
556 4379 655 4432 Cbrcn.
674 4380 738 4432 mai.
759 4379 776 4433 t.
797 4379 814 4434 t.
829 4397 859 4447 p.
873 4381 939 4433 674:
963 4381 1069 4432 certum
1088 4381 1137 4445 ert,
1156 4377 1230 4446 quod
1249 4379 1368 4429 castrum

196 4447 230 4502 de
249 4447 390 4502 Carchano
410 4452 451 4502 est
468 4449 582 4502 feudum
601 4449 805 4518 archiepiscopi.
