3324 5146
293 511 329 566 94
402 464 527 564 GES'I'A¹
545 504 724 562 FIIDERIOI
741 505 765 562 1.
784 505 864 562 IMP.
883 505 926 560 IN
944 504 1205 562 EXPEDITIONFI
1224 505 1358 563 sacal.

206 707 282 762 1190.
294 693 453 757 cessitate
478 690 662 775 conpulsus
685 691 780 754 misit
803 691 848 754 ad
870 691 1122 774 imperatorem,
1152 690 1269 754 dicens
1293 695 1349 755 sea
1376 691 1467 756 velle

294 782 375 845 dare
403 781 518 844 forum
549 783 584 844 et
614 780 730 844 omnia
759 799 825 862 que
848 771 974 843 velletb
1002 780 1039 841 in
1062 797 1156 861 pace,
1188 781 1223 842 et
1252 799 1288 843 se
1318 784 1467 844 mestum

294 889 366 933 csse
397 870 440 933 de
470 869 536 932 hoc
566 870 657 952 quod
688 869 891 950 contigerat.
945 867 1140 951 Imperator
1168 871 1269 931 vero⁰
1302 863 1463 952 propterd

292 958 459 1022 fetoreme
498 961 726 1033 mortuorum,
763 949 876 1038 quodf
915 958 1035 1019 domus
1071 959 1106 1019 et
1140 955 1194 1020 vie
1229 956 1332 1039 plene
1368 961 1467 1032 erant

166 1046 526 1123 ‹narinacadaveribus
550 1045 652 1130 petiit
676 1046 812 1110 obsides
836 1045 879 1108 ab
904 1045 975 1108 eisss
996 1047 1032 1108 et
1055 1045 1195 1108 secessit
1217 1045 1291 1109 fere
1314 1065 1376 1130 per
1397 1047 1466 1110 tria

292 1134 440 1226 miliaria
475 1138 511 1199 et
546 1127 834 1199 castrametatusll
878 1137 930 1197 est
968 1132 1006 1196 in
1044 1133 1203 1217 pomeriis
1214 1132 1235 1195 1.
1295 1133 1465 1198 Soldanus

292 1226 426 1287 autem¹
458 1223 554 1288 dedit
585 1223 617 1287 ei
644 1222 795 1286 XXIIII
817 1222 975 1286 obsides2
1006 1225 1041 1286 et
1072 1223 1169 1285 dedit
1199 1223 1230 1286 ei
1260 1222 1376 1286 forum
1405 1243 1466 1307 per

291 1315 401 1375 totam
432 1332 530 1375 suam
558 1315 696 1388 terram,
727 1315 767 1374 ut
797 1311 1001 1394 promiserat
1027 1311 1236 1394 imperatori.
1284 1305 1358 1374 Iltl
1384 1313 1465 1394 quia

292 1401 370 1482 equi
405 1400 604 1464 defecerant
638 1400 837 1483 imperatori
871 1402 1011 1482 propter
1045 1400 1125 1476 hoc,
1161 1399 1253 1482 quod
1287 1400 1352 1483 ipsi
1383 1393 1457 1464 eosl

292 1490 550 1566 commeante,
575 1493 611 1552 et
626 1489 754 1552 mortui
770 1491 870 1552 erant
889 1488 926 1550 in
942 1487 1059 1572 preliis
1076 1491 1111 1552 et
1127 1487 1230 1564 fame,
1255 1489 1460 1572 imperator¹1

291 1578 393 1660 petiit
423 1578 466 1641 ab
498 1582 558 1641 eo⁰
592 1577 707 1640 forum
736 1581 935 1658 equorum¹¹‚
972 1580 1008 1640 et
1042 1576 1205 1640 soldanus
1241 1577 1272 1641 ei
1305 1577 1460 1640 confertl’

291 1666 407 1730 venire
436 1667 621 1730 maximam
651 1665 927 1742 multitudinem
959 1666 1020 1729 sed
1049 1665 1256 1748 pernimium
1284 1685 1340 1729 eos
1369 1686 1464 1730 caros

291 1753 453 1817 dicebant
477 1774 518 1818 ex
540 1755 719 1819 voluntate
743 1754 887 1830 soldani,
918 1754 969 1816 ita
998 1755 1090 1836 quod
1119 1774 1229 1816 unum
1253 1755 1464 1818 dextrarium

291 1845 430 1906 centum
445 1845 602 1907 marchas
627 1844 761 1926 argenti
785 1843 963 1919 dicebant;
989 1846 1025 1906 et
1047 1862 1108 1926 per
1130 1845 1201 1906 tres
1225 1843 1297 1906 dies
1320 1843 1464 1906 fuerunt

290 1931 340 1994 ita
374 1933 454 1994 cari.
513 1931 582 1996 Sed
615 1931 844 1996 Theothonici
879 1934 1046 2015 oeperunt
1080 1932 1161 1994 dare
1195 1931 1368 1995 fertonem
1402 1953 1463 2015 pro

289 2021 464 2096 marchal,
489 2024 524 2085 et
547 2021 612 2103 ipsi
636 2021 724 2084 bene
748 2019 974 2102 accipiebant.
1013 2019 1167 2084 Audiens
1191 2019 1354 2083 soldanus
1369 2021 1463 2083 misit

290 2109 334 2171 ad
357 2109 608 2191 imperatorem,
638 2127 849 2190 conquerens
872 2127 918 2184 se,
947 2109 1039 2190 quod
1063 2109 1116 2171 sui
1141 2108 1360 2192 decipiebant
1382 2109 1463 2171 Tur·

290 2197 382 2259 chos.
422 2196 615 2280 Imperator
637 2197 769 2262 remisit
793 2197 834 2273 ei,
859 2198 960 2280 quod,
985 2197 1013 2260 si
1038 2197 1161 2260 darent
1185 2197 1314 2261 bonum
1336 2197 1460 2274 forum,

290 2287 326 2348 et
348 2285 414 2369 ipsi
438 2285 561 2350 darent
584 2285 710 2350 bonam
733 2287 924 2362 marcham;
956 2288 992 2349 et
1016 2286 1065 2349 sic
1089 2287 1344 2349 constituerunt
1371 2287 1463 2349 inter

289 2393 324 2436 se
348 2377 536 2456 potestates
561 2375 603 2438 de
628 2375 824 2438 christianis
849 2378 884 2438 et
908 2374 1061 2452 Turchis,
1092 2375 1151 2456 qui
1177 2374 1345 2438 tenebant
1368 2375 1462 2438 iusti-

287 2462 389 2539 tiam;
415 2466 451 2526 et
475 2463 598 2528 deinde
622 2484 692 2526 non
716 2465 925 2546 deceperunt
949 2483 994 2526 se.
1033 2461 1079 2526 Ilt
1102 2463 1345 2526 Trrrchimanir
1370 2484 1462 2546 agre-

288 2553 366 2627 stes,
399 2551 457 2632 qui
486 2572 557 2614 non
580 2555 661 2614 sunt
685 2553 727 2615 de
751 2555 923 2635 potestate
946 2551 1090 2628 soldani,
1123 2571 1256 2636 semper
1279 2551 1461 2616 infestare

287 2642 388 2700 runt⁸
418 2659 475 2702 eos
502 2660 609 2722 usque
637 2641 674 2703 in
702 2637 899 2718 Armffliaffi
931 2643 1113 2724 postquam
1140 2643 1310 2704 venerunt
1339 2639 1376 2702 in
1400 2641 1459 2703 Ar-

287 2728 403 2791 menia
426 2731 461 2791 et
485 2730 714 2793 ascenderunt
737 2733 911 2806 montana,
943 2729 1009 2812 ipsi
1039 2729 1185 2812 amplius
1215 2749 1286 2792 non
1315 2729 1460 2793 fuerunt

287 2817 435 2892 secudu,
467 2817 526 2881 sed
550 2818 757 2882 invenerunt
780 2819 948 2882 Armenos
973 2821 1008 2882 et
1032 2816 1169 2895 Grecos,
1201 2817 1260 2900 qui
1289 2819 1460 2882 dederunt

287 2905 335 2968 eis
358 2905 488 2982 forum3
521 2910 599 2990 post
622 2908 874 2971 descenderunt
904 2908 946 2971 de
972 2907 1167 2970 montanisv
1194 2910 1230 2970 et
1252 2907 1460 2970 invenerunt

286 2992 415 3058 flumen
440 2993 573 3078 Calphy
597 2998 632 3059 et
653 2996 791 3059 iverunt
815 2997 900 3059 duos
924 2995 996 3059 dies
1020 3015 1081 3079 per
1103 2995 1215 3078 ripam
1237 2994 1341 3058 illius.

283 3857 305 3904 a)
320 3855 341 3896 ei
356 3856 406 3898 add.
421 3855 445 3898 P.
512 3855 536 3903 b)
549 3855 580 3894 sio
594 3855 635 3898 Sto.
649 3858 668 3894 et
683 3855 766 3904 Rpin.,·
787 3855 872 3895 uellent
890 3856 916 3898 B.
977 3859 998 3903 c)
1011 3859 1087 3896 autem
1101 3855 1126 3900 P.
1191 3854 1214 3907 d)
1228 3857 1258 3895 sir
1272 3859 1296 3899 P.
1311 3858 1351 3900 Sic.
1365 3863 1384 3896 et
1398 3859 1457 3906 Ian,-

284 3919 324 3958 per
338 3909 364 3952 B.
432 3910 453 3956 e)
472 3909 579 3948 factorem
598 3909 624 3952 Β.
637 3909 662 3951 Ρ.
735 3909 890 3956 ῡοηιοπᾱαυίς
911 3920 955 3958 quo
969 3909 996 3952 B.
1065 3912 1087 3959 g)
1103 3920 1129 3949 co
1143 3910 1167 3952 Ρ.
1235 3911 1259 3959 h)
1273 3912 1304 3949 sio
1318 3911 1371 3958 δέω
1393 3915 1416 3951 et
1430 3922 1457 3950 es

283 3967 376 4002 strenue
394 3965 467 4002 tactus
485 3963 511 4004 B.
592 3962 609 4010 l)
627 3973 682 4002 vcro
696 3962 720 4004 P.
801 3961 825 4013 k)
843 3961 874 4002 ut
892 3983 918 3991 -
936 3963 1068 4012 imperatori
1086 3973 1113 4002 cx
1126 3963 1148 4002 P
1162 3964 1240 4012 suppl„
1260 3975 1301 4006 om.
1315 3964 1347 4012 B,-
1368 3966 1396 4012 ot.
1410 3964 1456 4006 Iac.

283 4015 299 4063 l)
313 4016 343 4054 sic
357 4016 381 4057 P.
396 4015 480 4064 Pipin.,·
500 4015 550 4054 illos
565 4016 623 4063 Iao.,·
644 4017 700 4054 deest
714 4016 740 4056 B.
804 4017 835 4062 m)
849 4013 957 4058 commod.
971 4016 997 4058 Β.
1065 4018 1089 4064 n)
1103 4027 1130 4055 cx
1143 4016 1194 4055 Pet
1208 4017 1253 4059 Iao.
1267 4017 1345 4066 suppl„
1361 4018 1417 4056 deest
1430 4017 1456 4059 B.

283 4071 305 4116 ο)
319 4079 333 4107 a
346 4067 439 4108 soldano
455 4069 501 4106 Pet
510 4069 556 4112 Iac.
596 4071 620 4117 p)
634 4067 717 4108 ducere
732 4068 786 4108 fecit
800 4069 828 4118 P;
845 4069 929 4116 omar.
971 4071 994 4118 q)
1004 4070 1119 4112 sioRSr'o.
1129 4073 1148 4108 et
1157 4071 1242 4118 Plptn.,·
1256 4081 1297 4119 per
1306 4071 1420 4110 marcham
1430 4071 1455 4112 B.

283 4124 302 4170 r)
317 4122 392 4212 ιιιιοίὶξ
407 4131 474 4160 manu
488 4121 514 4164 Β.
561 4122 581 4168 s)
595 4132 633 4161 cos
647 4122 786 4162 Infestsbant
800 4123 824 4164 P.
879 4123 896 4168 t)
911 4121 1040 4162 Ameriam
1054 4121 1079 4166 P.
1133 4125 1157 4170 u)
1171 4133 1209 4162 eos
1224 4124 1308 4166 (ΜΡ,
1356 4126 1380 4171 v)
1393 4134 1455 4163 mon·

283 4175 356 4214 taneis
388 4204 394 4218 .

284 4334 309 4401 1)
332 4335 429 4386 Veram
447 4334 495 4385 hoo
512 4341 557 4400 est,
577 4335 645 4401 quod
664 4335 717 4388 Iac.
736 4349 789 4386 non
808 4335 892 4390 habet.
924 4335 965 4400 Cf.
987 4337 1105 4402 Topcao:
1123 4333 1200 4388 iuxta
1218 4335 1329 4388 hortum
1347 4335 1454 4403 regium

283 4405 353 4458 siout
371 4407 399 4457 et
417 4403 492 4472 prius
511 4407 600 4456 castra
617 4408 736 4458 metatus
753 4404 814 4460 fuit.
904 4405 932 4474 2)
949 4408 1031 4474 Apud
1049 4407 1103 4462 Iac.
1125 4414 1192 4460 rorte
1215 4408 1261 4460 hoc
1283 4408 1384 4472 factum
1402 4423 1455 4459 csse

282 4477 391 4544 duitor,
411 4482 555 4544 antequam
570 4477 717 4542 imperator
735 4477 821 4528 Iconii
837 4477 902 4529 urhe
916 4479 1011 4530 exiret.
