3324 5146
307 509 360 565 llX
377 509 510 566 IAOOBI
528 507 718 579 AQUnNsIs
737 507 905 564 030ch
922 507 1118 563 YMAGINIS
1136 506 1271 563 MUNDI.
1344 511 1379 563 89

206 719 324 765 eorum
351 696 490 759 nomine
512 694 729 775 Restagnus²
756 693 852 756 venit
883 694 1002 754 contra
1031 710 1094 754 nos
1125 711 1203 756 eum
1231 695 1468 761 maximoileo.

206 787 360 854 exercitu
394 785 439 848 ad
469 783 642 866 quandam
674 800 836 864 magnam
870 779 1083 855 stricturam,
1120 784 1155 844 et
1184 781 1233 844 ibi
1263 803 1379 846 sumus

206 875 315 941 locuti
339 894 418 938 cum
441 873 499 949 eis,
531 871 622 954 quod
649 890 711 934 nos
739 869 944 952 permittant
965 868 1114 933 transire
1137 870 1288 953 pacifice.
1335 871 1380 934 Et

206 968 332 1050 petunt
355 983 376 1026 a
398 961 498 1025 nobis
522 963 662 1024 centum
685 978 789 1040 equos
813 959 998 1022 honeratos
1022 977 1114 1021 auro.
1162 957 1294 1036 Quibus
1321 961 1379 1022 im-

207 1057 344 1138 perator
361 1050 522 1116 derisorie
538 1048 725 1132 respondit,
751 1048 843 1129 quod
859 1046 957 1110 dabit
980 1046 1028 1109 eis
1052 1066 1174 1110 aurum
1197 1068 1379 1131 mangana·

206 1147 283 1206 tum
293 1141 314 1202 1.
361 1139 407 1203 Et
431 1159 509 1203 curn
532 1138 599 1201 isto
623 1140 725 1220 pacto
748 1155 881 1219 semper
907 1135 1147 1212 transibamus,
1180 1137 1288 1203 donec
1315 1138 1379 1200 fui·

207 1251 283 1295 mus
307 1233 404 1295 extra
425 1226 591 1292 terminos
615 1245 733 1290 eorum
757 1245 835 1288 cum
857 1245 928 1288 non
950 1223 1062 1288 multo
1086 1225 1235 1308 dampno
1250 1231 1379 1290 nostro.

207 1320 253 1384 Et
287 1322 365 1404 post
399 1319 463 1381 heo
497 1315 691 1380 invenimus
725 1313 807 1377 hinc
842 1313 922 1376 inde
958 1313 1000 1376 de
1034 1313 1256 1392 victualibus,
1297 1315 1380 1380 licet

206 1408 358 1472 multum
381 1407 478 1470 caris.

207 1580 257 1634 DE
275 1576 463 1648 Quonnnb
486 1573 647 1630 MAXIMO
666 1573 715 1627 ΕΤ
735 1573 839 1628 DURO
858 1573 1008 1642 PRELIO,
1027 1573 1068 1630 IN
1087 1574 1164 1644 QUO
1183 1574 1274 1630 FUIT
1293 1575 1380 1631 PnR-

368 1664 509 1722 OUSSUS
527 1663 617 1731 DUX,
636 1662 764 1718 FILIUS
783 1661 1049 1718 IMPERATORIS
1067 1663 1218 1720 NOSTRI.

314 1763 398 1826 Post
421 1762 486 1824 hec
510 1759 650 1843 quidam
666 1758 880 1822 armirandus
896 1777 1041 1841 magnus
1065 1760 1107 1822 de
1130 1759 1200 1823 illis
1224 1761 1380 1843 partibus
1390 1779 1494 1828 (nasia).

207 1853 303 1917 venit
326 1852 370 1914 ad
389 1851 631 1933 imperatorem
646 1850 682 1910 et
699 1847 795 1924 dixit,
820 1848 912 1928 quod
927 1847 1026 1911 nobis
1042 1849 1239 1913 ostenderet
1255 1850 1381 1913 bonam

207 1941 307 2017 viam,
333 1940 462 2002 ‘tamen
484 1956 585 2000 mane
609 1935 781 1999 habebitis
802 1935 950 2019 prelium
965 1937 1152 1999 maximum
1167 1937 1380 2002 Turohorum

209 2033 244 2094 et
279 2025 489 2093 Grecorum’.
546 2025 619 2089 Iste
654 2024 894 2088 armirandus⁰
934 2025 1026 2108 cepit
1063 2045 1126 2089 nos
1162 2027 1286 2091 ducere
1321 2047 1381 2110 per

208 2121 361 2202 montesx
376 2113 608 2199 gravissimos,
645 2116 681 2178 et
709 2114 852 2176 tandem
882 2113 1097 2196 pervenimus
1128 2115 1172 2177 ad
1203 2117 1381 2179 cacumina

208 2199 413 2270 montiuml.
466 2203 512 2266 Fit
542 2221 620 2267 ecce
650 2202 808 2284 sequenti
839 2201 894 2265 die
923 2221 1041 2266 versus
1071 2202 1254 2285 planiciem
1285 2206 1496 2273 venitvraur).

207 2295 345 2360 infinita
370 2293 560 2357 multitudo
584 2291 798 2354 Turchorum
822 2293 857 2354 et
880 2291 1033 2354 omnium
1056 2290 1238 2354 nationum
1261 2296 1382 2356 contra

208 2405 270 2448 nos
300 2385 344 2447 ad
374 2381 531 2466 prelium.
584 2380 681 2443 Tunc
716 2399 834 2442 omnes
864 2379 1057 2462 accepimus
1087 2380 1315 2462 penitentiam
1346 2386 1381 2445 et

207 2472 441 2536 invocavimus
465 2469 632 2534 auxilium
655 2467 835 2532 salvatoris
852 2467 933 2531 Iesu
950 2467 1113 2531 Christi0.
1149 2468 1256 2533 Facto
1279 2491 1380 2534 mane

207 2563 318 2626 nostri
341 2559 496 2643 sagitarii
520 2559 677 2622 ordinate
701 2560 867 2640 ceperunt
891 2557 1094 2621 antecedere
1118 2559 1314 2635 exercitum,
1346 2563 1381 2623 et

208 2651 407 2715 devenimus
432 2649 476 2712 ad
499 2647 665 2710 inimicos.
712 2645 758 2708 Et
777 2664 894 2709 omnes
909 2645 1048 2709 fortiter
1070 2679 1114 2689 —
1138 2650 1173 2710 et
1196 2648 1382 2731 imperator

207 2739 387 2803 nobiscum
403 2771 445 2780 -
463 2737 615 2820 cepimus
631 2753 796 2818 pugnare.
843 2733 888 2796 Et
908 2733 1119 2798 habebamus
1136 2752 1248 2800 omnes
1266 2757 1381 2801 cruces

208 2829 245 2891 in
272 2827 375 2892 armis
399 2829 434 2890 et
457 2824 602 2890 vexillis.
649 2823 695 2886 Et
724 2823 911 2906 pugnando
939 2823 1151 2906 perdidimus
1179 2825 1294 2888 omnia
1316 2826 1381 2888 vic-

207 2917 319 2980 tualia
348 2919 384 2980 et
411 2913 649 2979 comestibilia.
694 2911 799 2975 Modo
831 2911 900 2974 dux
924 2911 1048 2975 Suavis
1078 2931 1157 2974 cum
1186 2933 1249 2976 sua
1278 2917 1382 2996 gente

208 3005 362 3088 probiter
391 3003 546 3088 precedit
576 3001 765 3085 preliando,
797 3003 832 3064 et
861 3021 923 3063 nos
954 3020 1033 3062 curn
1060 2999 1265 3084 imperatore
1293 3002 1382 3065 viva-

209 3087 316 3159 citerf
343 3093 527 3175 sequimur.
574 3090 620 3152 Et
650 3110 729 3153 curn
758 3089 970 3173 pervenisset
1000 3089 1069 3151 dux
1092 3110 1171 3153 cum
1194 3110 1256 3154 sua
1279 3094 1382 3173 gente

210 3184 254 3245 ad
283 3181 474 3266 planitiem,
508 3177 645 3244 barbari
674 3178 806 3241 inimici
835 3177 974 3242 fortiter
1003 3177 1174 3242 invadunt
1203 3179 1382 3263 imperato·

208 3290 296 3346 rem;
326 3259 646 3353 gpersequebaturll
673 3267 882 3342 intantum,
912 3257 1004 3348 quod
1027 3287 1097 3330 non
1120 3271 1316 3351 poteramus
1340 3269 1383 3331 de

208 3362 326 3422 monte
350 3358 565 3422 descendere.
613 3354 714 3434 Quod
736 3358 777 3418 ut
800 3355 895 3418 videt
919 3356 997 3432 dux,
1021 3356 1207 3419 revertitur
1227 3377 1305 3420 cum
1321 3376 1383 3420 sua

209 3451 312 3530 gente
329 3447 373 3510 ad
388 3467 460 3523 nos,
485 3449 521 3509 et
543 3449 629 3508 tunc
645 3445 685 3507 fit
700 3443 847 3527 prelium
862 3443 1088 3506 fortissimum
1112 3448 1147 3508 et
1163 3445 1382 3509 durissimum

209 3557 270 3620 per
292 3539 407 3600 totum
430 3534 530 3597 illum
553 3534 654 3597 diem.
701 3532 747 3595 Et
777 3552 855 3595 cum
884 3532 1058 3616 lapidibus
1082 3536 1117 3596 et
1141 3533 1277 3615 sagittis
1301 3537 1383 3598 ante

210 3628 246 3689 et
275 3629 367 3688 retro
402 3627 438 3688 et
472 3624 509 3686 in
539 3623 647 3686 latere
683 3613 864 3684 continuei
900 3616 1179 3704 impugnabantk
1212 3643 1284 3686 nos.
1337 3622 1383 3684 Et

209 3715 350 3777 tandem
374 3711 512 3776 fortiter
536 3711 728 3795 percutitur
751 3709 842 3772 filius
866 3709 1082 3794 imperatoris
1107 3711 1176 3774 dux
1193 3711 1316 3774 Suavis
1341 3710 1383 3774 de

209 3801 324 3886 lapide
348 3821 465 3884 grosso
488 3820 591 3885 super
614 3820 651 3864 os
675 3803 710 3864 et
732 3799 884 3882 perdidit
908 3798 950 3862 de
974 3799 1092 3882 primis
1116 3801 1201 3863 duos
1226 3791 1382 3863 dentes¹.

209 3977 232 4021 a)
246 3978 364 4023 rostagnus
378 3975 404 4016 Α
458 3973 482 4025 1))
496 3970 609 4021 quoddam
624 3973 651 4014 A.
705 3974 726 4019 c)
740 3969 878 4011 almirandus
893 3971 913 4013 t.
928 3971 942 4013 l.
956 3971 1033 4013 Bas.
1088 3969 1112 4019 d>
1126 3971 1239 4010 nuncium
1253 3971 1307 4021 B13
1327 3981 1384 4010 nnn-

210 4028 269 4067 cium
283 4028 332 4070 132.
386 4029 408 4075 e)
422 4024 459 4066 del
474 4027 525 4069 add.
539 4026 588 4068 Ba.
642 4025 758 4072 ouluiter
772 4025 820 4066 1³1.
830 4025 849 4067 2.
903 4027 926 4073 g)
941 4028 1029 4063 etcum
1047 4025 1154 4072 tamara.
1169 4024 1220 4066 add.
1235 4024 1261 4066 A.
1316 4024 1340 4071 h)
1354 4025 1384 4062 eie

210 4081 288 4123 ,4,Βῖ
301 4081 420 4130 armatum
435 4080 474 4129 qul
488 4080 626 4129 sequebatur
639 4079 688 4121 1³1.
729 4078 746 4126 i)
760 4075 854 4117 cottidie
868 4077 894 4119 A.
935 4077 959 4125 k)
973 4077 1106 4126 impugnant
1119 4077 1167 4119 Ba.
1210 4078 1227 4125 l)
1241 4075 1321 4128 deptes
1336 4078 1383 4120 131.

211 4205 237 4271 1)
257 4205 313 4259 Le.
332 4221 469 4270 mancam
488 4202 626 4273 (machina
644 4203 821 4266 iamlctmv‘a)
836 4202 992 4268 proiectum.
1025 4201 1077 4253 Sed
1091 4202 1189 4269 procul
1206 4201 1286 4254 dubio
1305 4202 1384 4252 Gesta

210 4276 258 4327 hoc
277 4277 330 4328 loco
347 4277 528 4328 authenticam
546 4275 642 4326 tabent
660 4275 799 4328 lectionem.
836 4273 909 4323 Nam
926 4273 1040 4326 Amold.
1054 4272 1145 4327 Labie.
1159 4273 1209 4338 IV,
1225 4275 1267 4327 12.
1285 4278 1385 4323 narrat

210 4347 381 4398 Fridcrieum
403 4348 514 4399 cotiano
532 4346 619 4398 Iconii
635 4346 737 4396 dixisse
754 4360 780 4396 se
798 4346 823 4395 ei
840 4345 969 4394 daturum
987 4360 1040 4396 esec
1062 4359 1148 4395 unum
1172 4341 1314 4396 denarium
1338 4341 1385 4408 qui

209 4417 314 4470 manlat
332 4416 446 4483 dicitur3
471 4424 495 4470 ct
513 4418 586 4471 Hist.
606 4431 721 4484 perepr„
746 4431 813 4483 puae
834 4415 940 4482 quidem
961 4415 1008 4467 hoc
1026 4415 1166 4482 aliquanto
1181 4420 1242 4482 poet
1260 4413 1385 4464 accidisse

209 4496 318 4554 narrat,
339 4491 526 4556 imperatorem
543 4489 644 4540 άίωἰεεε
661 4487 746 4550 refert
763 4503 790 4539 sc
808 4487 975 4551 lerqiturum
997 4487 1093 4538 Turris
1110 4501 1196 4537 unum
1215 4485 1383 4553 argenteum.
