3324 5146
292 467 327 520 92
399 462 524 518 GESTA
543 461 723 518 sesemel
740 461 764 519 1.
783 459 863 516 IMP.
883 461 924 515 IN
943 459 1203 515 EXPEDITIONE
1222 458 1355 516 SAORA.

165 627 282 745 afflig·
399 643 520 708 Altera
535 663 615 708 vero
632 644 688 708 die
703 643 848 708 fuerunt
863 643 1123 708 castramentati
1138 644 1174 706 in
1191 644 1339 708 cardinis
1353 643 1463 708 (lonii.

277 727 388 797 'tunc
418 732 581 796 soldanus
610 733 705 796 misit
735 734 779 796 ad
808 734 1059 816 imperatorem,
1091 732 1182 814 quod
1206 733 1278 815 ipse
1302 732 1392 796 male
1415 735 1464 796 in-

291 825 444 886 traverat
467 822 504 884 in
527 842 624 885 suam
646 825 785 886 terram.
832 821 878 884 Et
907 822 1093 905 imperator
1120 821 1252 884 remisit
1281 821 1322 896 ei,
1353 825 1392 884 ut
1416 822 1463 885 di-

292 915 394 988 ceret,
425 914 541 976 utrum
565 909 693 974 vellet⁸
721 911 802 974 dare
831 909 945 973 forum
974 931 1018 972 an
1041 930 1120 974 non.
1167 909 1359 992 Respondit
1382 931 1463 974 vero

119 1003 120 1006 ’
195 1024 281 1072 *assa
291 999 453 1064 soldanus
477 991 533 1062 seb
560 998 650 1063 velle
675 1001 766 1074 dare,
797 999 858 1064 sed
880 999 931 1062 ita
952 992 1082 1062 *carum
1104 998 1198 1061 misit
1221 998 1345 1076 forum,
1370 1001 1463 1080 quod

291 1088 489 1152 christiani⁰
518 1108 588 1151 non
611 1091 773 1171 poterant
796 1087 955 1164 sufferre;
987 1091 1022 1151 et
1052 1090 1321 1170 preparaverunt
1345 1107 1390 1163 se,
1421 1091 1463 1150 ut

290 1180 485 1260 pugnarent
516 1197 594 1240 cum
623 1177 682 1240 eis.
735 1176 832 1240 {lunc
861 1177 1040 1260 episcopus
1068 1169 1319 1258 Virciburgi⁴1¹1
1352 1175 1457 1240 fecit⁰

289 1266 480 1350 penitentie
505 1265 700 1329 contionem
724 1266 779 1328 die
802 1264 945 1328 Veneris
969 1267 1185 1348 pentecostes
1208 1267 1357 1346 quatuor
1378 1268 1461 1328 tem-

289 1355 432 1438 porum²
456 1357 492 1417 et
514 1347 669 1417 ortatusf
689 1357 741 1417 est
757 1373 814 1417 eos
830 1355 875 1418 ad
890 1353 1021 1418 bellum
1044 1357 1079 1418 et
1101 1353 1263 1436 precepit,
1287 1356 1328 1416 ut
1344 1373 1462 1418 omnes

290 1444 485 1526 acciperent
512 1442 739 1526 penitentiam
763 1446 798 1506 et
822 1442 1067 1506 comederentss
1094 1461 1212 1505 carnes
1243 1442 1287 1504 ad
1315 1442 1389 1518 hoc,
1421 1447 1462 1504 ut

289 1531 433 1594 firmiter
463 1534 659 1614 pugnarent
690 1533 810 1594 contra
837 1531 964 1595 hostes.
1011 1530 1155 1594 Dixerat
1183 1531 1275 1594 enim
1297 1531 1371 1613 ipse
1395 1531 1460 1614 epi-

289 1639 410 1702 scopus
434 1625 470 1682 et
493 1619 633 1701 quidam
650 1618 731 1682 alii³
754 1639 789 1683 se
805 1619 930 1683 vidisse
948 1620 1090 1682 beatum
1107 1617 1294 1702 Georgium
1310 1639 1460 1702 pugnan-

287 1712 360 1771 tem
383 1728 444 1790 pro
468 1708 516 1771 eis
541 1711 661 1772 contra
685 1709 810 1772 hostes.
850 1707 951 1772 Unde
975 1727 1091 1772 omnes
1114 1710 1283 1771 voverunt
1306 1708 1460 1772 ieiunare

183 1789 497 1878 nasus.vigiliam¹¹·⁴
519 1797 556 1859 in
579 1817 668 1880 pane
692 1800 727 1860 et
751 1817 849 1878 aqua.
896 1797 1031 1860 Armati
1054 1815 1134 1860 vero
1158 1797 1458 1879 impugnandum,

287 1884 378 1948 filius
402 1885 537 1948 soldani
552 1886 734 1969 occupavit
750 1879 954 1949 exercitum¹
984 1889 1092 1962 retro;
1117 1885 1177 1948 sed
1201 1886 1271 1947 dux
1292 1885 1460 1968 pugnavit

288 1977 408 2037 contra
424 1967 621 2037 civitatemk
649 1977 684 2037 et
706 1993 833 2056 magna
855 1973 889 2037 vi
912 1974 1056 2037 intravit
1072 1994 1149 2038 cum
1166 1973 1213 2036 eis
1230 1973 1267 2035 in
1283 1974 1460 2037 civitatem

287 2065 323 2125 et
345 2061 418 2125 iere
442 2081 560 2126 omnes
587 2061 773 2134 interiecit.
825 2062 1019 2145 Imperator
1048 2083 1128 2126 vero
1157 2065 1249 2126 retro
1280 2082 1358 2125 cum
1388 2061 1459 2125 filio

287 2149 421 2213 soldani
438 2151 614 2233 pugnavit,
632 2144 822 2214 infinitaml
845 2154 881 2214 et
896 2151 1183 2214 innumerabilem
1199 2151 1459 2214 multitudinem

287 2258 328 2302 ex
358 2239 406 2302 eis
436 2239 623 2303 interfecit.
677 2239 722 2302 Et
756 2259 910 2303 reversus
945 2241 1130 2323 imperator
1165 2240 1359 2323 hospitatus
1389 2239 1459 2302 tuit

287 2347 365 2390 cum
388 2327 459 2390 filio
483 2328 520 2390 in
544 2328 694 2392 civitate.
741 2328 855 2392 Elratm
879 2329 970 2393 enim
999 2332 1149 2392 castrum
1172 2328 1398 2392 fortissimum
1422 2328 1459 2390 in

160 2433 276 2484 (saraa.
287 2416 436 2492 civitate,
461 2417 497 2478 in
521 2437 587 2498 quo
611 2417 774 2480 soldanus
798 2437 876 2480 cum
899 2417 1105 2499 quibusdam
1127 2417 1229 2500 fugit.
1276 2417 1379 2481 Mane
1403 2437 1458 2480 ne·

282 3471 304 3520 a)
317 3471 348 3508 sie
358 3471 381 3511 P.
391 3471 475 3518 Ptpin.,·
489 3470 548 3510 uelle
563 3471 588 3512 B.
643 3471 666 3521 b)
680 3471 752 3510 lorum
767 3471 817 3512 odd.
832 3473 855 3513 P.
910 3472 932 3522 c)
944 3473 1086 3521 sammaa·
1100 3475 1157 3512 deest
1165 3474 1191 3514 Β.
1246 3471 1269 3519 d)
1283 3473 1327 3512 mei
1342 3473 1407 3520 burgi
1422 3473 1453 3522 B;

282 3523 394 3572 uicsourgl
408 3523 432 3565 P.
493 3526 514 3570 e)
528 3525 558 3562 sie
572 3524 593 3562 P
604 3525 676 3570 (conc.
689 3525 745 3564 fecit
758 3525 846 3574 penit.);
869 3523 898 3564 de
912 3529 941 3564 no
956 3530 1016 3568 cont.
1030 3526 1056 3567 Β.
1123 3527 1182 3573 iles
1196 3526 1322 3577 P(ortans)
1337 3531 1356 3564 et
1370 3527 1454 3574 Pipin.;

282 3574 399 3616 ordinatus
410 3577 436 3618 Β.
490 3577 513 3627 g)
527 3575 670 3620 commedB.
724 3578 748 3625 h)
762 3578 946 3628 eiusvigfflipin.
1000 3579 1016 3626 i)
1030 3579 1172 3628 imperatoris
1188 3580 1272 3621 aeas.
1327 3579 1351 3627 k)
1365 3577 1454 3618 soldani

282 3631 332 3672 odd.
347 3629 370 3672 P.
425 3629 441 3677 1)
456 3633 478 3669 et
492 3630 532 3672 inl.
546 3631 609 3672 mult.
623 3631 647 3672 P.
702 3633 732 3678 m)
746 3631 813 3672 sieP.
828 3631 1100 3680 fiatn.er1ac‚;1esc13.

282 3789 308 3856 1)
327 3790 498 3854 Godefridus.
588 3792 615 3857 2)
639 3791 714 3843 Recte
739 3793 856 3857 quatuor
880 3794 1049 3858 temporum,
1075 3794 1144 3859 qaod
1168 3793 1222 3846 Iac.
1246 3795 1346 3858 arrisit,
1373 3793 1453 3844 Gesta

281 3861 384 3926 habent,
411 3862 468 3914 dies
485 3864 555 3914 mim
573 3863 705 3916 Matilo.
726 3865 767 3917 18.
788 3863 829 3916 19.
848 3863 959 3926 fueram
984 3871 1099 3929 quatuor
1124 3871 1269 3930 temporum
1288 3870 1452 3931 pentecostes.

281 3934 308 3998 3)
325 3933 417 3998 Mepis
434 3949 492 3984 cum
511 3934 558 3986 hoc
576 3935 629 3986 loco
647 3950 727 4000 qaam
745 3950 804 3985 cam
821 3933 885 3998 Iac,
912 3935 960 3999 qui
981 3936 1169 4001 imperatorem
1186 3937 1311 3986 visionem
1330 3935 1452 3986 habuisse

280 4003 380 4068 scribit,
406 4006 522 4056 cormrit
548 4005 645 4059 Cieros.
669 4007 746 4070 repic
772 4004 826 4056 Col.
847 4021 876 4072 p.
893 4007 958 4059 150:
985 4002 1090 4072 Quibus
1115 4009 1207 4058 autem
1231 4004 1306 4058 Deus
1331 4005 1452 4058 revelare

280 4071 374 4139 voluit,
392 4071 451 4139 ipsa
467 4073 511 4126 die
529 4074 657 4128 viderunt
674 4074 785 4128 beatum
800 4073 957 4144 Georgium,
976 4077 1024 4127 reti
1041 4077 1087 4128 boc
1104 4079 1135 4128 iri
1150 4078 1253 4144 proelio
1270 4079 1313 4128 die
1326 4078 1398 4129 Maii
1410 4081 1451 4133 14.

280 4145 415 4195 commisso
433 4145 534 4208 factum
552 4163 604 4198 esse
622 4147 758 4212 scribitur,
778 4161 829 4212 quo
846 4147 888 4198 die
906 4163 927 4200 s.
944 4147 1087 4213 Georgium
1105 4164 1123 4199 a
1141 4151 1232 4200 comite
1244 4149 1275 4199 de
1287 4149 1453 4213 Helferisteiri

280 4217 365 4266 risum
383 4230 435 4266 esse
453 4217 540 4268 tradit
556 4219 668 4284 epistola
686 4217 734 4272 SS.
753 4217 817 4282 XX,
835 4234 863 4284 p.
876 4219 937 4283 495,
957 4225 981 4270 et
999 4219 1139 4273 Aristera:
1158 4235 1179 4273 s.
1194 4217 1306 4288 Georgii
1325 4261 1331 4274 .
1353 4261 1359 4274 .
1380 4263 1385 4274 .
1406 4219 1453 4286 qui

279 4285 308 4338 in
334 4285 515 4338 anxietatibus
540 4287 639 4340 nostris
665 4287 826 4354 aliquotiens
851 4286 915 4340 viris
940 4288 1072 4356 religiosis
1098 4289 1232 4357 apparuit.
1329 4292 1357 4356 4)
1380 4293 1453 4344 Male

280 4359 405 4409 omissum
431 4364 468 4409 est
492 4357 566 4410 beati
592 4357 712 4426 Georgii,
740 4360 809 4426 qaod
834 4359 887 4411 Iac.
914 4359 998 4411 tabet.
1040 4363 1170 4414 Voeeraat
1194 4364 1315 4415 ieiunme
1339 4363 1386 4414 hoc
1410 4364 1452 4414 dic

280 4430 362 4495 (Apr.
381 4429 430 4492 22)
445 4431 561 4496 posteris
578 4432 659 4482 annis
675 4438 735 4497 post
752 4432 876 4484 reditum.
