3324 5146
268 511 303 565 10
374 505 500 562 (essm
517 503 698 560 FEDRRIGI
715 502 740 559 I.
757 501 1023 558 fflPsRATORIS
1041 502 1085 558 IN
1102 501 1341 560 LOMBARDIA.

267 695 324 754 aut
346 709 416 754 mm
437 687 472 752 B
493 693 550 752 out
572 687 605 751 P
623 687 689 751 solo
713 683 874 765 oonoenit;
903 683 958 748 uli
986 705 1058 749 nero
1082 685 1115 748 A
1144 686 1184 749 ab
1211 706 1279 749 una
1295 678 1391 768 parte
1413 691 1442 750 et

267 777 311 842 B.
327 777 361 842 P
379 778 420 842 ab
443 776 546 841 altera
568 774 730 856 differunt,
759 795 829 839 oum
857 773 1081 854 Oodapnellum
1103 772 1199 837 etiam
1221 772 1257 838 in
1279 772 1322 837 iis
1337 773 1442 855 parti-

268 869 334 948 bus,
365 887 445 948 quas
473 864 616 948 intepras
644 863 817 944 descripsit,
847 863 1003 942 quaedam
1031 868 1168 926 mutasse
1197 867 1321 943 constet,
1353 861 1442 928 lertio

268 954 384 1020 oodiais
406 955 439 1019 A
461 961 528 1019 tam
549 975 642 1035 sana,
665 958 701 1016 ut
723 953 763 1016 ab
786 949 952 1015 annalista
974 948 1213 1014 Mediolanensi
1235 949 1355 1031 sarapta
1376 971 1442 1016 esse

261 1043 373 1126 possit,
397 1042 511 1124 ubique
533 1041 701 1107 retinenda
723 1046 777 1122 est,
805 1041 921 1103 menda
943 1037 1011 1103 eius
1034 1039 1134 1102 multa
1156 1038 1279 1103 auuilio
1303 1038 1443 1104 oodiaum

267 1131 310 1197 B.
327 1132 360 1196 P
380 1131 577 1213 oormpenda,
608 1129 725 1210 amissa
754 1149 792 1193 en
822 1127 937 1192 eisdem
964 1127 1159 1192 restituenda
1189 1133 1272 1192 suut.
1323 1129 1443 1193 Tamen

267 1241 333 1285 non
349 1219 467 1303 pauais
489 1218 566 1285 loeis
588 1217 723 1298 difficile
746 1223 791 1281 est
813 1215 958 1296 disaretu,
982 1221 1052 1279 uter
1066 1237 1175 1280 ueram
1198 1215 1359 1280 lectionem
1380 1237 1442 1281 ser-

267 1308 397 1390 oaoerit,
422 1307 587 1372 nonnullis
609 1313 713 1371 autem
736 1304 812 1371 loeis
834 1306 880 1368 ad
893 1305 950 1368 loo
965 1303 1207 1369 diiudicandum
1228 1304 1356 1383 faciunt
1377 1303 1444 1368 tria

268 1397 337 1462 alia
359 1396 512 1462 subsidia.
559 1396 656 1476 Nam,
680 1400 716 1458 ut
741 1393 793 1459 W.
818 1395 855 1458 de
883 1391 1081 1457 Giesebreolt
1103 1392 1208 1457 doouit
1217 1393 1237 1474 1,
1261 1393 1444 1458 Annalium

267 1483 560 1550 Mediolanensium
593 1482 754 1547 minorum
786 1480 940 1546 editorum
974 1501 995 1544 a
1025 1480 1087 1544 Pl.
1117 1481 1208 1559 Jaffe'
1242 1482 1270 1545 lo.
1303 1503 1344 1544 m.
1381 1482 1441 1547 SS.

271 1573 417 1654 XVIII,
436 1595 471 1654 p.
490 1577 553 1636 392
569 1591 635 1652 sqq.
659 1593 697 1636 ea
706 1591 797 1652 pars,
822 1590 902 1651 quae
925 1591 956 1633 a.
973 1575 1201 1633 1154—1177.
1221 1569 1441 1652 complectitur,

262 1661 379 1746 paneis
390 1682 428 1726 eoo
440 1660 516 1726 aliis
528 1659 701 1725 annalibus
711 1659 851 1740 insertis,
865 1679 903 1723 eoo
920 1657 1025 1724 Gestis
1034 1657 1183 1723 Foderioi
1197 1657 1234 1723 in
1245 1659 1443 1724 Lambardia

269 1755 414 1832 enoerpta
428 1755 483 1814 est.
519 1749 691 1814 Praeterea
713 1747 750 1812 in
769 1747 929 1812 Galoauei
944 1747 1114 1812 Flammae
1129 1747 1302 1829 Mam'pulo
1324 1749 1443 1826 dorum

270 1840 515 1906 (3.181-204.2
541 1843 570 1902 et
596 1835 753 1902 Olroniao
782 1835 924 1900 maiore³
954 1835 1014 1900 loai
1043 1857 1081 1900 eoo
1110 1836 1167 1900 loo
1196 1835 1298 1901 libello
1327 1835 1445 1918 sumpti

268 1927 480 2010 reperiantur.
525 1926 592 1990 Hie
614 1924 739 2006 quidem
759 1925 826 2007 ipse
841 1925 925 1989 luno
940 1925 1056 1989 librum
1071 1945 1136 1988 nou
1152 1924 1270 2006 lepisse,
1294 1927 1350 1989 sed
1363 1945 1444 2006 quae

269 2037 308 2081 eu
330 2037 364 2080 eo
387 2018 519 2080 deducta
541 2013 637 2092 affert
659 2034 697 2078 eoo
724 2013 912 2092 Gallofredi
935 2015 972 2078 de
993 2013 1134 2078 Bussero
1161 2012 1316 2078 Chronico
1339 2013 1445 2078 odluo

270 2105 384 2169 latente
398 2103 567 2185 sumpsisse
582 2102 736 2184 uidetur,
760 2109 790 2166 et
811 2102 887 2167 loeo
902 2101 1027 2182 quidem
1036 2123 1145 2183 pauoa
1166 2107 1241 2166 sunt
1263 2108 1292 2166 et
1314 2101 1444 2181 confuse

269 2193 371 2257 mirata
394 2213 464 2258 moui
485 2191 694 2256 relationibus
716 2191 854 2255 aliorum
877 2197 1048 2272 auctorum,
1079 2196 1114 2254 ut
1136 2190 1288 2256 Danielis
1310 2189 1445 2270 falsarii

274 2280 451 2347 Olronioae
485 2280 630 2346 uomitum
665 2281 703 2344 de
733 2278 893 2362 Inpleuio,
933 2279 1055 2345 Ottonis
1084 2279 1241 2344 Murenae
1251 2279 1271 2361 ⁵,
1304 2278 1443 2360 Sioardi,

270 2369 382 2436 Iaoobi
405 2372 442 2434 de
461 2369 633 2452 Varapine,
658 2374 797 2433 attamen
820 2374 849 2432 et
863 2368 1010 2432 Annales
1025 2367 1283 2432 Mediolanenses
1305 2367 1445 2432 minores

270 2465 300 2524 et
326 2458 484 2524 Galoanei
512 2479 608 2540 opera
637 2457 801 2522 nonnullis
831 2457 906 2522 loeis
934 2455 1061 2535 faaiunt
1087 2458 1132 2520 ad
1152 2477 1261 2520 ueram
1283 2455 1443 2520 lectionem

269 2547 503 2629 restituendam,
528 2568 598 2611 oum
614 2552 729 2611 oonstet
751 2567 831 2627 quvae
849 2544 967 2610 inillis
982 2543 1074 2610 libris
1089 2565 1127 2608 eu
1142 2545 1199 2609 loo
1214 2565 1304 2626 opere
1319 2550 1445 2626 sumpta

271 2636 418 2719 lepuntur
446 2655 544 2716 neque
573 2655 612 2699 eoo
641 2634 743 2700 oodiae
772 2633 959 2698 Ilauliono6
987 2654 1085 2714 neque
1115 2653 1153 2697 eu
1184 2631 1443 2715 Codapnelliano,

269 2727 326 2790 sed
347 2745 386 2789 eu
407 2723 484 2788 aliis
506 2723 735 2805 exemplaribus
758 2722 902 2788 deriuata
924 2722 1019 2786 esse⁷.

378 2814 501 2894 Itaque,
526 2834 596 2878 aum
611 2811 780 2892 difficilius
802 2811 846 2875 sit
866 2832 975 2875 oerum
995 2816 1110 2875 tentum
1126 2809 1307 2876 annalistae
1322 2809 1446 2875 Medio-

272 2901 414 2967 lanensis
435 2901 606 2982 restituere,
628 2921 773 2983 propono
796 2899 961 2965 lectoribus
983 2898 1155 2964 stemmatis
1176 2898 1357 2982 imapiuem,
1381 2918 1445 2980 qua

271 2996 484 3073 aopnosoatur,
520 2991 671 3072 quomodo
702 2989 847 3054 subsidia
876 2988 1025 3053 editionis
1054 2993 1181 3052 nostrae
1211 3007 1250 3052 eoo
1277 2988 1446 3070 oroletppo

272 3079 416 3144 derivata
438 3077 513 3143 sint.

273 3305 299 3372 1)
315 3305 348 3360 L.
368 3306 386 3360 l.
409 3322 438 3372 p.
457 3307 511 3360 314
528 3321 565 3372 sq.
591 3306 652 3359 337.
743 3303 771 3370 2)
795 3305 941 3369 Muratari,
966 3303 1014 3357 SS.
1033 3303 1066 3357 R.
1085 3303 1149 3357 Ital.
1173 3303 1225 3368 XI,
1252 3304 1299 3358 ool.
1319 3305 1371 3358 637
1390 3319 1444 3370 sqq.

272 3377 299 3444 3)
318 3377 499 3428 ‘Miscellanea
517 3377 548 3426 di
564 3377 649 3428 storia
668 3375 800 3426 Italiana’
818 3375 880 3440 VII,
905 3392 933 3441 p.
947 3375 1096 3428 651-721.
1187 3375 1215 3441 4)
1231 3373 1288 3426 Hoa
1305 3374 1446 3426 oloronioon

272 3463 348 3514 saepe
373 3449 464 3498 aitaoit
488 3448 519 3498 in
538 3447 635 3501 Cimon
661 3448 762 3499 maiore
785 3451 809 3497 et
833 3445 881 3498 suh
906 3447 963 3497 eius
987 3447 1091 3496 nomine
1113 3461 1146 3496 en
1168 3445 1215 3497 hoo
1234 3445 1321 3496 libello
1339 3452 1448 3512 sumpta

270 3535 299 3586 p.
310 3519 370 3573 665.
389 3524 413 3569 et
428 3535 455 3585 p.
467 3520 528 3572 721.
546 3525 665 3570 andremo
682 3518 761 3570 uerba
778 3519 835 3568 eius
852 3517 883 3568 de
896 3517 997 3568 diluvia
1014 3519 1129 3571 a.1177.
1148 3517 1249 3570 attulit.
1304 3517 1330 3582 5)
1347 3517 1447 3568 Dubito

272 3605 338 3640 num
359 3590 445 3655 ipsum
469 3589 595 3640 Moreuae
616 3604 682 3655 opus
703 3589 807 3654 leperit,
833 3588 912 3639 semel
932 3588 1084 3638 Bonaoursi
1103 3589 1207 3640 nomine
1229 3587 1324 3639 laudat
1344 3603 1377 3638 eu
1397 3588 1448 3638 illo

272 3665 387 3726 sumpta.
449 3659 477 3724 6)
493 3659 546 3710 Neo
560 3660 712 3710 Galoamus
722 3675 802 3725 neque
814 3659 935 3710 Annales
946 3659 1053 3713 Mediol.
1066 3660 1182 3710 minores
1193 3659 1339 3725 quidquam
1351 3658 1447 3710 haberit

273 3747 306 3782 eu
319 3731 406 3782 Gestis
417 3731 480 3784 Fed.
499 3731 529 3781 in
545 3730 634 3797 eaped
653 3747 733 3781 saara
750 3736 775 3780 et
792 3745 825 3780 en
842 3731 913 3781 notis
930 3746 956 3783 a.
972 3732 1048 3794 1201.
1063 3731 1142 3784 1202.
1157 3731 1233 3784 1230.
1253 3729 1335 3780 lortius
1351 3730 1449 3780 oodiois

273 3807 540 3924 {limidi-'lli
559 3799 1448 3939 hdliiulidiidids{dimidii{dull}

275 3944 375 3994 librum
401 3945 569 3995 transierunt
595 3945 675 3994 etiam
702 3944 733 3993 in
758 3943 856 3996 Olenon.
881 3943 1077 3994 Medioluueuse
1101 3959 1126 3997 a.
1146 3945 1321 3997 996-1237.
1347 3943 1449 3994 editum

274 4015 309 4066 ol
330 4014 401 4080 Eup.
420 4015 460 4066 De
477 4015 566 4080 Leo-is,
593 4015 657 4068 Ant.
677 4013 832 4080 Cisalpinae
855 4013 968 4080 reipubl.
994 4013 1056 4068 list.
1082 4030 1196 4068 mannan.
1220 4031 1247 4081 p.
1263 4015 1376 4078 10-21,
1402 4013 1448 4064 sed

275 4085 337 4136 hau
354 4085 458 4136 nullius
475 4086 599 4154 momenti
615 4091 678 4136 mut
695 4085 732 4136 ad
749 4091 850 4136 tentum
864 4085 1002 4136 Gestorum
1014 4086 1213 4138 emanandum.
1244 4085 1336 4135 Pauca
1353 4099 1386 4135 en
1404 4083 1449 4134 ms

274 4161 381 4222 sumpta
403 4157 484 4208 etiam
506 4157 536 4206 in
562 4155 694 4206 Claronioa
719 4156 822 4207 Dormti
839 4155 930 4207 Bossii
949 4156 1117 4221 (Mediolani
1134 4156 1217 4219 1492)
1243 4156 1376 4221 lepuntur,
1401 4155 1448 4206 sed

275 4227 318 4278 loia
336 4241 435 4293 quoque
449 4227 528 4279 Gesta
546 4227 607 4294 ipsa
624 4241 678 4278 non
697 4227 797 4293 lepisse,
814 4229 919 4294 partim
937 4243 968 4278 ea
985 4244 1018 4278 ea·
1032 4227 1162 4278 (dalvanii
1172 4227 1312 4277 Flammae
1324 4225 1449 4293 operibns

274 4298 417 4366 sumpsisse
434 4299 545 4352 oidetm.
584 4297 659 4350 Certe
676 4297 739 4350 loeo
756 4298 861 4350 nullius
877 4299 1001 4350 manenti
1017 4304 1086 4351 sunt.
