3324 5146
273 497 307 550 12
379 492 504 548 GESTA
522 491 702 549 FEDERIOI
719 493 742 552 Ι.
761 493 1027 552 IMPERATORIS
1045 497 1089 552 Isi
1106 495 1346 556 LOMBARDIA.

379 676 538 740 Numeros
560 677 760 760 popinarum
788 684 818 742 et
846 678 984 760 oapitna
1013 679 1161 744 editionis
1188 679 1380 746 Pertniaaae
1408 681 1446 746 in

270 762 416 845 norpiae
445 764 605 846 adnotari,
637 765 775 848 oapitnra
797 766 952 832 divisione
975 789 1040 832 aon
1062 768 1218 850 instituta,
1250 790 1320 834 sara
1347 789 1445 851 neque

270 849 308 915 in
337 851 439 917 oodioe
468 853 634 918 Raaliaao
663 875 762 938 aeque
789 854 827 920 ia
855 855 1103 938 Godapaolliaao
1133 879 1210 938 opas
1238 857 1276 922 ia
1306 857 1446 940 oapitnla

271 938 470 1022 dispertitam
498 949 584 1022 esset,
615 963 714 1024 aeque
743 943 840 1008 indea
862 944 1071 1026 capitulorum
1093 967 1115 1009 a
1142 945 1332 1028 Oodopnello
1351 963 1445 1028 prae·

270 1027 386 1093 missas
398 1051 468 1094 earu
478 1029 547 1112 ipso
558 1030 680 1096 Libello
692 1031 840 1098 tristitiae
855 1039 885 1097 et
895 1033 1014 1098 doloris
1028 1034 1109 1098 satis
1120 1041 1282 1116 oonpraat.
1311 1035 1446 1099 Praebet

270 1115 356 1181 enirn
384 1139 483 1182 anara
506 1119 620 1201 eapitis
647 1119 895 1203 inscriptioneau
927 1121 979 1187 oui
1003 1121 1039 1189 in
1062 1123 1142 1188 libro
1165 1122 1249 1190 nibil
1271 1125 1444 1205 respondet,

270 1204 348 1270 aliis
363 1213 582 1288 arpanoeatura
598 1208 674 1272 libri
688 1210 770 1273 raale
785 1211 919 1274 relatura
935 1217 988 1290 est,
1006 1211 1074 1274 olio
1088 1211 1155 1276 alio
1170 1211 1281 1276 ordine
1293 1211 1446 1293 disposita

270 1299 354 1375 sant,
378 1300 414 1359 nt
435 1296 519 1361 bano
541 1296 678 1361 indioera
700 1304 822 1362 seartns
844 1320 883 1364 ae
899 1298 1056 1363 Libellum
1072 1299 1221 1364 tristitiae
1237 1299 1371 1381 qairlenn
1395 1321 1445 1364 ae·

271 1383 346 1448 dano
376 1405 453 1466 opas
482 1385 696 1450 autbeatioaar
729 1385 765 1450 in
795 1386 901 1468 oapita
931 1386 1097 1468 dispertire
1120 1387 1236 1469 possis.
1289 1389 1446 1452 Looornao

271 1471 403 1537 noraina
432 1472 587 1538 bodieraa
615 1473 769 1556 situmque
796 1473 834 1538 ia
862 1475 967 1540 indioe
994 1475 1146 1540 adnotavi
1156 1475 1176 1558 1,
1207 1478 1302 1542 rerba
1325 1498 1446 1560 paraui

271 1565 347 1624 nota
369 1560 406 1626 ia
426 1560 583 1643 plossario
605 1562 770 1644 explicavi.

698 1757 1018 1771 m

383 1915 519 1982 Gratata
542 1917 648 1996 faeere
671 1918 835 1983 lectoribus
857 1918 936 1982 rnibi
951 1919 1038 1983 oisas
1052 1941 1123 1984 sura
1137 1919 1353 2001 albianpendo
1372 1919 1446 1985 baie

272 2003 375 2070 libello
404 2027 458 2070 eos
481 2012 593 2087 partes
621 2007 789 2070 annoliara
812 2007 1113 2089 Mediolanensinao,
1144 2008 1257 2088 peribas
1286 2010 1323 2072 de
1352 2009 1445 2072 rebus

272 2115 303 2157 a.
323 2099 550 2157 1154—1177.
574 2095 709 2158 relatam
731 2102 784 2159 est.
824 2097 869 2159 Et
884 2095 994 2176 priano
1016 2096 1142 2177 oaidora
1158 2103 1285 2178 partera
1307 2097 1444 2162 Anna-

273 2180 369 2246 linra
403 2181 778 2248 Mediolanensiara
811 2183 1025 2266 raiaornra,
1061 2191 1096 2249 at
1129 2185 1229 2250 editor
1264 2185 1326 2252 Plo.
1354 2185 1445 2264 Juffo

273 2269 300 2334 b.
316 2292 357 2334 ra.
381 2271 465 2336 lano
488 2271 625 2336 libellara
647 2271 819 2354 insori'psit,
844 2273 895 2338 oni
913 2273 1016 2355 napis
1030 2273 1212 2338 Annaliun
1228 2274 1261 2338 S.
1279 2273 1446 2356 Ibrstorpii

272 2359 564 2424 Mediolanensinra
586 2359 711 2425 titulata
734 2361 899 2426 ooaoenire
929 2363 979 2427 W.
1004 2364 1041 2426 de
1069 2362 1267 2427 Glosebreobt
1292 2363 1444 2426 rnoaait2.

277 2447 393 2512 Tribus
415 2448 572 2513 oodioibns
594 2471 671 2513 usas
694 2449 785 2528 daffe‘
807 2451 864 2514 bos
886 2451 1021 2514 annales
1038 2451 1097 2515 SS.
1117 2449 1263 2532 XVIII,
1281 2457 1446 2532 11392-

274 2542 348 2601 399.
373 2536 479 2618 edidit,
510 2539 567 2602 sed
594 2539 676 2602 raale
698 2537 789 2602 illurn
812 2538 946 2604 oodioera
968 2539 1105 2603 nonne
1128 2545 1250 2604 seratas
1272 2545 1325 2621 est,
1357 2559 1447 2620 quera
1535 2550 1538 2558 ’

266 2623 375 2706 prirao
398 2625 463 2690 loeo
479 2625 598 2708 posuit.
645 2627 690 2690 Ia
707 2627 764 2692 loo
779 2633 883 2691 autera
900 2627 1000 2691 nonlta
1015 2627 1182 2692 irarantata
1204 2649 1270 2692 esse
1292 2627 1358 2710 ipse
1374 2649 1446 2710 per-

273 2713 435 2796 spexisset,
470 2713 500 2778 si
534 2715 737 2796 oopnooisset,
773 2717 857 2797 qaod
895 2715 946 2782 W.
978 2719 1015 2780 de
1050 2716 1248 2782 Giesebreolt
1281 2717 1445 2799 ostendit3,

266 2801 413 2884 plnrirna
424 2802 534 2886 partis
556 2826 587 2867 a.
603 2809 797 2868 1154-117
803 2811 831 2868 7.
856 2827 894 2870 ea
914 2803 1019 2870 Gestis
1034 2805 1183 2871 Federioi
1198 2804 1235 2870 in
1250 2804 1447 2870 Lorabardia
1495 2865 1506 2884 ,

273 2897 418 2974 eaoerpta
433 2913 506 2974 esse,
524 2892 641 2975 paneis
656 2893 785 2958 insertis
800 2915 839 2958 en
854 2893 1027 2958 annalibus
1043 2895 1194 2975 breoibns,
1211 2915 1291 2976 onae
1300 2893 1447 2976 proairae

273 2981 318 3044 ad
346 2981 450 3045 Notas
480 2982 513 3045 S.
543 2981 673 3063 Georqii
703 2983 884 3047 aooedant4.
945 2983 1060 3050 Vernra
1094 2989 1140 3047 est
1170 2990 1186 3046 l
1218 3003 1448 3066 nonnanqnarn

272 3089 380 3132 oerara
403 3068 563 3134 lectionent
585 3091 734 3152 seroasse,
764 3091 859 3150 quant
883 3077 902 3135 2
926 3077 955 3136 et
978 3077 997 3133 3
1023 3077 1202 3153 eorruptarn
1224 3072 1273 3136 oei
1294 3077 1448 3135 natataar

272 3157 395 3238 babeat,
418 3157 604 3239 pleramque
627 3179 699 3222 oero
722 3157 757 3222 bi
780 3159 898 3224 eodioes
920 3165 1045 3238 rectora,
1080 3165 1095 3221 1
1121 3159 1319 3224 irarantatara
1348 3159 1447 3224 lertio·

272 3265 344 3309 aera
365 3246 529 3329 praebent.
581 3247 659 3310 Ideo
689 3253 804 3312 tentata
832 3246 927 3312 baias
952 3246 1061 3330 partis
1088 3247 1261 3329 reoopnooi.
1320 3247 1447 3312 (lodices

272 3339 347 3400 sant
368 3333 419 3399 bi:

382 3419 412 3508 1)
445 3422 549 3488 Coelen
577 3421 652 3488 olira
684 3423 793 3490 Caroli
819 3422 943 3490 Morbii
971 3421 1081 3504 obort,
1110 3443 1190 3489 saec.
1217 3423 1296 3505 XV,
1320 3445 1356 3506 p.
1384 3428 1447 3487 104

380 3597 411 3683 2)
432 3599 536 3665 Codea
552 3599 750 3666 bibliotbeoae
769 3599 992 3668 Unioersitatis
1011 3598 1266 3664 Taurinensis
1286 3605 1445 3682 nr.1045,

273 3686 382 3770 obort,
406 3710 486 3754 saer.
506 3687 607 3771 XVI,
632 3711 670 3754 ea
691 3709 751 3772 quo
767 3689 823 3754 bos
838 3689 972 3754 annates
994 3709 1091 3774 usqae
1114 3691 1158 3754 ad
1179 3707 1210 3752 o.
1230 3693 1325 3754 1218.
1350 3687 1449 3754 edidit

274 3897 301 3966 1)
317 3898 357 3950 De
376 3900 439 3952 loeis
456 3900 533 3952 urbis
550 3899 706 3965 Mediolani,
729 3899 890 3966 praesertim
915 3899 947 3953 do
968 3903 1113 3966 purarum
1130 3899 1185 3952 sita
1203 3899 1261 3950 aide
1278 3898 1444 3964 Famopallt,

275 3968 320 4021 ‘Le
337 3969 446 4022 Vioeade
464 3971 495 4022 di
511 3971 616 4022 Milano
634 3971 749 4022 durante
768 3971 795 4020 la
813 3985 914 4036 puerro
932 3985 978 4021 oon
996 3969 1125 4035 Federipo
1143 3968 1166 4024 Ι.
1192 3971 1360 4041 imperadoro
1382 3969 1447 4020 iltu-

272 4041 374 4096 strate’.
402 4041 508 4094 Milone
527 4043 605 4096 1778.
632 4039 670 4096 4⁰.
760 4043 787 4107 2)
806 4041 839 4092 L.
859 4042 877 4096 l.
893 4057 922 4108 p.
935 4041 988 4095 336
1000 4056 1037 4108 so.
1128 4040 1156 4106 3)
1176 4041 1241 4092 Vide
1258 4055 1345 4107 snpra
1359 4057 1389 4106 p.
1404 4042 1446 4095 10.

272 4110 301 4176 4)
319 4110 360 4175 Of.
378 4113 417 4166 W.
436 4113 468 4162 de
487 4113 651 4164 Grbsebreoltt
674 4111 693 4167 l.
714 4113 731 4165 l.
753 4129 782 4179 p.
802 4115 854 4167 337
866 4127 904 4178 so.
941 4112 1003 4164 Non
1026 4117 1092 4163 reate
1115 4111 1231 4176 Gialr'ni,
1260 4111 1395 4163 ‘Memoria
1418 4109 1449 4162 di

273 4181 389 4236 Milono'
400 4183 455 4250 III,
472 4201 502 4252 p.
515 4186 576 4238 334.
588 4186 650 4238 428.
668 4183 719 4249 IV,
737 4201 765 4252 p.
778 4185 839 4238 265.
853 4185 914 4238 276.
933 4185 1040 4235 oouioeit
1059 4182 1107 4234 hos
1124 4182 1236 4233 annales
1253 4198 1271 4232 a
1287 4182 1448 4246 Gothosredo

272 4253 304 4306 de
316 4253 432 4306 auimo
449 4257 603 4322 oompositos
619 4271 680 4321 esse,
705 4271 764 4306 mm
780 4271 871 4307 eorum
889 4270 956 4322 qaae
969 4255 1045 4308 Galo.
1057 4254 1185 4305 Flauum
1203 4252 1252 4306 sab
1269 4254 1326 4304 eins
1342 4254 1448 4305 nomine

273 4325 366 4378 astuta
390 4327 520 4392 quaedam
545 4327 649 4393 quidem
671 4327 702 4378 iu
720 4326 764 4378 tris
781 4327 927 4378 annalibus
950 4326 1082 4391 apaan,
1107 4323 1167 4376 aliu
1184 4329 1273 4376 aunan
1290 4325 1400 4376 miniato
1417 4326 1448 4376 ia

272 4411 304 4448 eu
329 4397 508 4453 inveniantur.
544 4397 606 4450 Noa
629 4413 754 4464 uaporem
774 4397 932 4462 Gotlasradi
948 4396 1089 4449 cbroaiooa
1113 4396 1143 4446 iu
1168 4393 1212 4447 bie
1233 4395 1380 4448 annalibus
1401 4411 1448 4448 ea·

272 4469 402 4536 scriptam
419 4484 480 4535 essa,
499 4469 544 4522 ond
562 4469 609 4522 boo
626 4469 777 4522 diiudicare
793 4483 897 4536 nequeo.
