<?xml version="1.0" encoding="UTF-8"?>
<!DOCTYPE html PUBLIC "-//W3C//DTD XHTML 1.0 Transitional//EN"
    "http://www.w3.org/TR/xhtml1/DTD/xhtml1-transitional.dtd">
<html xmlns="http://www.w3.org/1999/xhtml" xml:lang="en" lang="en">
 <head>
  <title>
</title>
<meta http-equiv="Content-Type" content="text/html;charset=utf-8" />
  <meta name='ocr-system' content='tesseract 3.04.00' />
  <meta name='ocr-capabilities' content='ocr_page ocr_carea ocr_par ocr_line ocrx_word'/>
</head>
<body>
  <div class='ocr_page' id='page_1' title='image "./gestafedericiii01holdgoog_0054.png"; bbox 0 0 3324 5146; ppageno 0'>
   <div class='ocr_carea' id='block_1_1' title="bbox 317 500 1392 561">
    <p class='ocr_par' dir='ltr' id='par_1_1' title="bbox 317 500 1392 561">
     <span class='ocr_line' id='line_1_1' title="bbox 317 500 1392 561; baseline -0.001 0"><span class='ocrx_word' id='word_1_1' title='bbox 317 508 351 561; x_wconf 84' lang='lat'>50</span> <span class='ocrx_word' id='word_1_2' title='bbox 423 503 549 560; x_wconf 72' lang='lat' dir='ltr'>aesta</span> <span class='ocrx_word' id='word_1_3' title='bbox 567 501 747 558; x_wconf 79' lang='lat' dir='ltr'>FEDERIOI</span> <span class='ocrx_word' id='word_1_4' title='bbox 765 501 789 559; x_wconf 89' lang='lat' dir='ltr'>I.</span> <span class='ocrx_word' id='word_1_5' title='bbox 806 502 1073 560; x_wconf 80' lang='lat' dir='ltr'>IMPERATORIS</span> <span class='ocrx_word' id='word_1_6' title='bbox 1090 502 1133 559; x_wconf 90' lang='lat' dir='ltr'>IN</span> <span class='ocrx_word' id='word_1_7' title='bbox 1151 500 1392 560; x_wconf 81' lang='lat' dir='ltr'>LOMBARDIA.</span> 
     </span>
    </p>
   </div>
   <div class='ocr_carea' id='block_1_2' title="bbox 229 684 1492 2276">
    <p class='ocr_par' dir='ltr' id='par_1_2' title="bbox 229 684 1492 1036">
     <span class='ocr_line' id='line_1_2' title="bbox 229 684 1492 772; baseline -0.004 -17"><span class='ocrx_word' id='word_1_8' title='bbox 229 703 306 756; x_wconf 81' lang='lat'>1161.</span> <span class='ocrx_word' id='word_1_9' title='bbox 317 687 463 772; x_wconf 88' lang='lat' dir='ltr'>precidit</span> <span class='ocrx_word' id='word_1_10' title='bbox 497 690 533 751; x_wconf 83' lang='lat' dir='ltr'>et</span> <span class='ocrx_word' id='word_1_11' title='bbox 566 705 676 748; x_wconf 91' lang='lat' dir='ltr'>unum</span> <span class='ocrx_word' id='word_1_12' title='bbox 710 684 850 750; x_wconf 89' lang='lat' dir='ltr'>oculum</span> <span class='ocrx_word' id='word_1_13' title='bbox 884 686 1028 762; x_wconf 88' lang='lat' dir='ltr'>dimisit,</span> <span class='ocrx_word' id='word_1_14' title='bbox 1064 689 1105 750; x_wconf 90' lang='lat' dir='ltr'>ut</span> <span class='ocrx_word' id='word_1_15' title='bbox 1139 686 1224 750; x_wconf 91' lang='lat' dir='ltr'>alios</span> <span class='ocrx_word' id='word_1_16' title='bbox 1254 686 1492 752; x_wconf 84' lang='lat' dir='ltr'>Mediolanum</span> 
     </span>
     <span class='ocr_line' id='line_1_3' title="bbox 318 773 1492 858; baseline -0.002 -18"><span class='ocrx_word' id='word_1_17' title='bbox 318 777 470 840; x_wconf 86' lang='lat' dir='ltr'>duceret.</span> <span class='ocrx_word' id='word_1_18' title='bbox 516 775 656 840; x_wconf 77' lang='lat' dir='ltr'>Interea</span> <span class='ocrx_word' id='word_1_19' title='bbox 683 775 742 856; x_wconf 89' lang='lat' dir='ltr'>qui</span> <span class='ocrx_word' id='word_1_20' title='bbox 770 773 958 857; x_wconf 86' lang='lat' dir='ltr'>portabant</span> <span class='ocrx_word' id='word_1_21' title='bbox 982 795 1003 838; x_wconf 92' lang='lat' dir='ltr'>a</span> <span class='ocrx_word' id='word_1_22' title='bbox 1025 774 1206 839; x_wconf 74' lang='lat' dir='ltr'>Placentia</span> <span class='ocrx_word' id='word_1_23' title='bbox 1228 775 1284 840; x_wconf 83' lang='lat' dir='ltr'>vel</span> <span class='ocrx_word' id='word_1_24' title='bbox 1308 775 1351 839; x_wconf 92' lang='lat' dir='ltr'>ab</span> <span class='ocrx_word' id='word_1_25' title='bbox 1376 775 1492 858; x_wconf 89' lang='lat' dir='ltr'>aliqua</span> 
     </span>
     <span class='ocr_line' id='line_1_4' title="bbox 317 863 1491 948; baseline 0 -20"><span class='ocrx_word' id='word_1_26' title='bbox 317 867 415 948; x_wconf 89' lang='lat' dir='ltr'>parte</span> <span class='ocrx_word' id='word_1_27' title='bbox 435 866 626 928; x_wconf 89' lang='lat' dir='ltr'>mercatum</span> <span class='ocrx_word' id='word_1_28' title='bbox 642 863 887 939; x_wconf 84' lang='lat' dir='ltr'>Mediolanum,</span> <span class='ocrx_word' id='word_1_29' title='bbox 913 863 942 926; x_wconf 89' lang='lat' dir='ltr'>si</span> <span class='ocrx_word' id='word_1_30' title='bbox 966 863 1200 946; x_wconf 75' lang='lat' dir='ltr'>capiebantur,</span> <span class='ocrx_word' id='word_1_31' title='bbox 1225 884 1347 928; x_wconf 90' lang='lat' dir='ltr'>manus</span> <span class='ocrx_word' id='word_1_32' title='bbox 1372 865 1491 928; x_wconf 81' lang='lat' dir='ltr'>dextre</span> 
     </span>
     <span class='ocr_line' id='line_1_5' title="bbox 318 951 1492 1036; baseline 0 -20"><span class='ocrx_word' id='word_1_33' title='bbox 318 951 604 1036; x_wconf 88' lang='lat' dir='ltr'>amputabantur;</span> <span class='ocrx_word' id='word_1_34' title='bbox 630 954 665 1015; x_wconf 93' lang='lat' dir='ltr'>et</span> <span class='ocrx_word' id='word_1_35' title='bbox 688 971 759 1015; x_wconf 90' lang='lat' dir='ltr'>una</span> <span class='ocrx_word' id='word_1_36' title='bbox 775 952 830 1014; x_wconf 91' lang='lat' dir='ltr'>die</span> <span class='ocrx_word' id='word_1_37' title='bbox 847 951 947 1014; x_wconf 89' lang='lat' dir='ltr'>XXV</span> <span class='ocrx_word' id='word_1_38' title='bbox 964 955 1142 1036; x_wconf 86' lang='lat' dir='ltr'>amputate</span> <span class='ocrx_word' id='word_1_39' title='bbox 1165 952 1319 1016; x_wconf 79' lang='lat' dir='ltr'>suerunt.</span> <span class='ocrx_word' id='word_1_40' title='bbox 1366 953 1492 1018; x_wconf 87' lang='lat' dir='ltr'>Postea</span> 
     </span>
    </p>

    <p class='ocr_par' dir='ltr' id='par_1_3' title="bbox 265 1039 1492 1212">
     <span class='ocr_line' id='line_1_6' title="bbox 265 1039 1492 1123; baseline 0.002 -21"><span class='ocrx_word' id='word_1_41' title='bbox 265 1061 397 1106; x_wconf 75' lang='lat' dir='ltr'>cavero</span> <span class='ocrx_word' id='word_1_42' title='bbox 420 1060 536 1104; x_wconf 86' lang='lat' dir='ltr'>mense</span> <span class='ocrx_word' id='word_1_43' title='bbox 554 1039 718 1104; x_wconf 91' lang='lat' dir='ltr'>Octobrio</span> <span class='ocrx_word' id='word_1_44' title='bbox 742 1039 895 1123; x_wconf 83' lang='lat' dir='ltr'>proximo</span> <span class='ocrx_word' id='word_1_45' title='bbox 919 1039 1164 1123; x_wconf 78' lang='lat' dir='ltr'>Bragamaitaa</span> <span class='ocrx_word' id='word_1_46' title='bbox 1191 1044 1227 1104; x_wconf 91' lang='lat' dir='ltr'>et</span> <span class='ocrx_word' id='word_1_47' title='bbox 1250 1041 1425 1105; x_wconf 90' lang='lat' dir='ltr'>Iohannes</span> <span class='ocrx_word' id='word_1_48' title='bbox 1449 1043 1492 1105; x_wconf 90' lang='lat' dir='ltr'>de</span> 
     </span>
     <span class='ocr_line' id='line_1_7' title="bbox 318 1128 1491 1212; baseline -0.002 -19"><span class='ocrx_word' id='word_1_49' title='bbox 318 1129 446 1193; x_wconf 84' lang='lat' dir='ltr'>Sancto</span> <span class='ocrx_word' id='word_1_50' title='bbox 463 1128 604 1193; x_wconf 90' lang='lat' dir='ltr'>Blatore</span> <span class='ocrx_word' id='word_1_51' title='bbox 619 1129 847 1194; x_wconf 90' lang='lat' dir='ltr'>reddiderunt</span> <span class='ocrx_word' id='word_1_52' title='bbox 870 1149 905 1192; x_wconf 89' lang='lat' dir='ltr'>se</span> <span class='ocrx_word' id='word_1_53' title='bbox 928 1129 1128 1212; x_wconf 85' lang='lat' dir='ltr'>imperatori</span> <span class='ocrx_word' id='word_1_54' title='bbox 1150 1130 1188 1192; x_wconf 92' lang='lat' dir='ltr'>in</span> <span class='ocrx_word' id='word_1_55' title='bbox 1204 1129 1345 1194; x_wconf 88' lang='lat' dir='ltr'>civitate</span> <span class='ocrx_word' id='word_1_56' title='bbox 1361 1130 1491 1193; x_wconf 90' lang='lat' dir='ltr'>Laude.</span> 
     </span>
    </p>

    <p class='ocr_par' dir='ltr' id='par_1_4' title="bbox 231 1217 1492 2078">
     <span class='ocr_line' id='line_1_8' title="bbox 231 1217 1492 1294; baseline -0.004 -7"><span class='ocrx_word' id='word_1_57' title='bbox 231 1234 308 1287; x_wconf 80' lang='lat'>1162.</span> <span class='ocrx_word' id='word_1_58' title='bbox 424 1217 566 1282; x_wconf 88' lang='lat' dir='ltr'>Interea</span> <span class='ocrx_word' id='word_1_59' title='bbox 589 1217 729 1281; x_wconf 93' lang='lat' dir='ltr'>disessio</span> <span class='ocrx_word' id='word_1_60' title='bbox 752 1218 901 1280; x_wconf 86' lang='lat' dir='ltr'>maxima</span> <span class='ocrx_word' id='word_1_61' title='bbox 924 1221 1001 1281; x_wconf 90' lang='lat' dir='ltr'>orta</span> <span class='ocrx_word' id='word_1_62' title='bbox 1024 1221 1076 1282; x_wconf 84' lang='lat' dir='ltr'>est</span> <span class='ocrx_word' id='word_1_63' title='bbox 1099 1218 1190 1281; x_wconf 91' lang='lat' dir='ltr'>inter</span> <span class='ocrx_word' id='word_1_64' title='bbox 1207 1219 1306 1294; x_wconf 88' lang='lat' dir='ltr'>cives,</span> <span class='ocrx_word' id='word_1_65' title='bbox 1329 1219 1492 1282; x_wconf 85' lang='lat' dir='ltr'>videlieet</span> 
     </span>
     <span class='ocr_line' id='line_1_9' title="bbox 318 1305 1492 1390; baseline -0.002 -20"><span class='ocrx_word' id='word_1_66' title='bbox 318 1308 409 1370; x_wconf 91' lang='lat' dir='ltr'>inter</span> <span class='ocrx_word' id='word_1_67' title='bbox 432 1311 567 1390; x_wconf 86' lang='lat' dir='ltr'>patrem</span> <span class='ocrx_word' id='word_1_68' title='bbox 591 1309 626 1370; x_wconf 85' lang='lat' dir='ltr'>et</span> <span class='ocrx_word' id='word_1_69' title='bbox 649 1305 761 1368; x_wconf 90' lang='lat' dir='ltr'>filium</span> <span class='ocrx_word' id='word_1_70' title='bbox 784 1309 819 1369; x_wconf 90' lang='lat' dir='ltr'>et</span> <span class='ocrx_word' id='word_1_71' title='bbox 841 1307 953 1368; x_wconf 84' lang='lat' dir='ltr'>virum</span> <span class='ocrx_word' id='word_1_72' title='bbox 977 1310 1012 1370; x_wconf 83' lang='lat' dir='ltr'>et</span> <span class='ocrx_word' id='word_1_73' title='bbox 1032 1326 1174 1370; x_wconf 86' lang='lat' dir='ltr'>uxorem</span> <span class='ocrx_word' id='word_1_74' title='bbox 1189 1310 1225 1370; x_wconf 89' lang='lat' dir='ltr'>et</span> <span class='ocrx_word' id='word_1_75' title='bbox 1240 1307 1332 1371; x_wconf 87' lang='lat' dir='ltr'>inter</span> <span class='ocrx_word' id='word_1_76' title='bbox 1347 1307 1492 1371; x_wconf 81' lang='lat' dir='ltr'>fratrem</span> 
     </span>
     <span class='ocr_line' id='line_1_10' title="bbox 320 1394 1491 1477; baseline 0.001 -18"><span class='ocrx_word' id='word_1_77' title='bbox 320 1400 354 1460; x_wconf 92' lang='lat' dir='ltr'>et</span> <span class='ocrx_word' id='word_1_78' title='bbox 377 1395 532 1459; x_wconf 80' lang='lat' dir='ltr'>fratrem.</span> <span class='ocrx_word' id='word_1_79' title='bbox 579 1395 656 1458; x_wconf 91' lang='lat' dir='ltr'>Iam</span> <span class='ocrx_word' id='word_1_80' title='bbox 679 1395 772 1458; x_wconf 85' lang='lat' dir='ltr'>enim</span> <span class='ocrx_word' id='word_1_81' title='bbox 794 1413 855 1476; x_wconf 89' lang='lat' dir='ltr'>per</span> <span class='ocrx_word' id='word_1_82' title='bbox 877 1394 1010 1477; x_wconf 90' lang='lat' dir='ltr'>plateas</span> <span class='ocrx_word' id='word_1_83' title='bbox 1033 1395 1245 1471; x_wconf 83' lang='lat' dir='ltr'>rixabantur,</span> <span class='ocrx_word' id='word_1_84' title='bbox 1275 1395 1428 1460; x_wconf 87' lang='lat' dir='ltr'>dicentes</span> <span class='ocrx_word' id='word_1_85' title='bbox 1456 1415 1491 1460; x_wconf 91' lang='lat' dir='ltr'>se</span> 
     </span>
     <span class='ocr_line' id='line_1_11' title="bbox 319 1483 1492 1567; baseline -0.002 -19"><span class='ocrx_word' id='word_1_86' title='bbox 319 1484 408 1549; x_wconf 89' lang='lat' dir='ltr'>velle</span> <span class='ocrx_word' id='word_1_87' title='bbox 424 1483 625 1567; x_wconf 88' lang='lat' dir='ltr'>imperatori</span> <span class='ocrx_word' id='word_1_88' title='bbox 640 1483 793 1558; x_wconf 81' lang='lat' dir='ltr'>reddere,</span> <span class='ocrx_word' id='word_1_89' title='bbox 818 1486 894 1545; x_wconf 90' lang='lat' dir='ltr'>tum</span> <span class='ocrx_word' id='word_1_90' title='bbox 909 1487 1049 1567; x_wconf 83' lang='lat' dir='ltr'>propter</span> <span class='ocrx_word' id='word_1_91' title='bbox 1065 1485 1364 1566; x_wconf 80' lang='lat' dir='ltr'>conspirationem,</span> <span class='ocrx_word' id='word_1_92' title='bbox 1389 1504 1492 1566; x_wconf 87' lang='lat' dir='ltr'>quarn</span> 
     </span>
     <span class='ocr_line' id='line_1_12' title="bbox 319 1564 1492 1656; baseline 0.001 -21"><span class='ocrx_word' id='word_1_93' title='bbox 319 1573 460 1656; x_wconf 90' lang='lat' dir='ltr'>quidam</span> <span class='ocrx_word' id='word_1_94' title='bbox 489 1572 531 1635; x_wconf 90' lang='lat' dir='ltr'>de</span> <span class='ocrx_word' id='word_1_95' title='bbox 560 1571 747 1635; x_wconf 89' lang='lat' dir='ltr'>maioribus</span> <span class='ocrx_word' id='word_1_96' title='bbox 774 1564 862 1634; x_wconf 82' lang='lat' dir='ltr'>iamb</span> <span class='ocrx_word' id='word_1_97' title='bbox 890 1571 1055 1648; x_wconf 78' lang='lat' dir='ltr'>fecerant,</span> <span class='ocrx_word' id='word_1_98' title='bbox 1086 1576 1127 1635; x_wconf 87' lang='lat' dir='ltr'>ut</span> <span class='ocrx_word' id='word_1_99' title='bbox 1157 1573 1199 1636; x_wconf 91' lang='lat' dir='ltr'>de</span> <span class='ocrx_word' id='word_1_100' title='bbox 1230 1573 1371 1636; x_wconf 86' lang='lat' dir='ltr'>civitate</span> <span class='ocrx_word' id='word_1_101' title='bbox 1402 1591 1492 1656; x_wconf 83' lang='lat' dir='ltr'>egre</span> 
     </span>
     <span class='ocr_line' id='line_1_13' title="bbox 320 1660 1492 1744; baseline -0.001 -20"><span class='ocrx_word' id='word_1_102' title='bbox 320 1663 492 1736; x_wconf 78' lang='lat' dir='ltr'>derantur,</span> <span class='ocrx_word' id='word_1_103' title='bbox 516 1663 593 1722; x_wconf 93' lang='lat' dir='ltr'>tum</span> <span class='ocrx_word' id='word_1_104' title='bbox 616 1663 755 1743; x_wconf 87' lang='lat' dir='ltr'>propter</span> <span class='ocrx_word' id='word_1_105' title='bbox 779 1660 989 1724; x_wconf 82' lang='lat' dir='ltr'>carissimam</span> <span class='ocrx_word' id='word_1_106' title='bbox 1012 1681 1196 1724; x_wconf 88' lang='lat' dir='ltr'>annonam.</span> <span class='ocrx_word' id='word_1_107' title='bbox 1242 1661 1377 1744; x_wconf 82' lang='lat' dir='ltr'>Viginti</span> <span class='ocrx_word' id='word_1_108' title='bbox 1400 1661 1492 1725; x_wconf 90' lang='lat' dir='ltr'>enim</span> 
     </span>
     <span class='ocr_line' id='line_1_14' title="bbox 319 1747 1492 1831; baseline -0.002 -17"><span class='ocrx_word' id='word_1_109' title='bbox 319 1749 488 1814; x_wconf 77' lang='lat' dir='ltr'>denariis⁰</span> <span class='ocrx_word' id='word_1_110' title='bbox 517 1749 685 1812; x_wconf 86' lang='lat' dir='ltr'>sextarius</span> <span class='ocrx_word' id='word_1_111' title='bbox 702 1747 803 1811; x_wconf 87' lang='lat' dir='ltr'>blave</span> <span class='ocrx_word' id='word_1_112' title='bbox 826 1752 861 1812; x_wconf 89' lang='lat' dir='ltr'>et</span> <span class='ocrx_word' id='word_1_113' title='bbox 885 1748 1100 1831; x_wconf 84' lang='lat' dir='ltr'>leguminum</span> <span class='ocrx_word' id='word_1_114' title='bbox 1116 1749 1339 1827; x_wconf 88' lang='lat' dir='ltr'>vendebatur,</span> <span class='ocrx_word' id='word_1_115' title='bbox 1365 1753 1399 1815; x_wconf 87' lang='lat' dir='ltr'>et</span> <span class='ocrx_word' id='word_1_116' title='bbox 1422 1769 1492 1814; x_wconf 83' lang='lat' dir='ltr'>sex-</span> 
     </span>
     <span class='ocr_line' id='line_1_15' title="bbox 318 1833 1491 1914; baseline 0 -12"><span class='ocrx_word' id='word_1_117' title='bbox 318 1839 426 1902; x_wconf 90' lang='lat' dir='ltr'>tarius</span> <span class='ocrx_word' id='word_1_118' title='bbox 450 1837 531 1901; x_wconf 92' lang='lat' dir='ltr'>salis</span> <span class='ocrx_word' id='word_1_119' title='bbox 554 1837 658 1899; x_wconf 90' lang='lat' dir='ltr'>XXX</span> <span class='ocrx_word' id='word_1_120' title='bbox 681 1835 786 1900; x_wconf 91' lang='lat' dir='ltr'>soldis</span> <span class='ocrx_word' id='word_1_121' title='bbox 809 1836 1060 1914; x_wconf 73' lang='lat' dir='ltr'>vendebatur13</span> <span class='ocrx_word' id='word_1_122' title='bbox 1085 1838 1175 1901; x_wconf 91' lang='lat' dir='ltr'>libra</span> <span class='ocrx_word' id='word_1_123' title='bbox 1199 1833 1310 1902; x_wconf 76' lang='lat' dir='ltr'>casei‘l</span> <span class='ocrx_word' id='word_1_124' title='bbox 1336 1842 1414 1902; x_wconf 87' lang='lat' dir='ltr'>octo</span> <span class='ocrx_word' id='word_1_125' title='bbox 1438 1839 1491 1903; x_wconf 91' lang='lat' dir='ltr'>de-</span> 
     </span>
     <span class='ocr_line' id='line_1_16' title="bbox 318 1925 1491 2010; baseline 0.002 -22"><span class='ocrx_word' id='word_1_126' title='bbox 318 1926 423 1990; x_wconf 89' lang='lat' dir='ltr'>nariis</span> <span class='ocrx_word' id='word_1_127' title='bbox 447 1925 640 2002; x_wconf 91' lang='lat' dir='ltr'>emebatur;</span> <span class='ocrx_word' id='word_1_128' title='bbox 667 1945 745 1988; x_wconf 91' lang='lat' dir='ltr'>caro</span> <span class='ocrx_word' id='word_1_129' title='bbox 770 1927 944 1989; x_wconf 86' lang='lat' dir='ltr'>carissima</span> <span class='ocrx_word' id='word_1_130' title='bbox 964 1929 1049 1990; x_wconf 90' lang='lat' dir='ltr'>erat.</span> <span class='ocrx_word' id='word_1_131' title='bbox 1095 1926 1186 1989; x_wconf 91' lang='lat' dir='ltr'>Nam</span> <span class='ocrx_word' id='word_1_132' title='bbox 1201 1927 1238 1989; x_wconf 92' lang='lat' dir='ltr'>in</span> <span class='ocrx_word' id='word_1_133' title='bbox 1254 1931 1379 2010; x_wconf 88' lang='lat' dir='ltr'>quarta</span> <span class='ocrx_word' id='word_1_134' title='bbox 1393 1930 1491 2010; x_wconf 87' lang='lat' dir='ltr'>parte</span> 
     </span>
     <span class='ocr_line' id='line_1_17' title="bbox 318 2013 1126 2078; baseline -0.002 0"><span class='ocrx_word' id='word_1_135' title='bbox 318 2015 415 2078; x_wconf 82' lang='lat' dir='ltr'>bovis</span> <span class='ocrx_word' id='word_1_136' title='bbox 439 2015 568 2077; x_wconf 86' lang='lat' dir='ltr'>mortui</span> <span class='ocrx_word' id='word_1_137' title='bbox 592 2014 672 2077; x_wconf 88' lang='lat' dir='ltr'>dedi</span> <span class='ocrx_word' id='word_1_138' title='bbox 695 2013 764 2076; x_wconf 94' lang='lat' dir='ltr'>XX</span> <span class='ocrx_word' id='word_1_139' title='bbox 787 2013 920 2077; x_wconf 74' lang='lat' dir='ltr'>soldos⁰</span> <span class='ocrx_word' id='word_1_140' title='bbox 950 2018 985 2078; x_wconf 83' lang='lat' dir='ltr'>et</span> <span class='ocrx_word' id='word_1_141' title='bbox 1008 2036 1126 2077; x_wconf 92' lang='lat' dir='ltr'>unum.</span> 
     </span>
    </p>

    <p class='ocr_par' dir='ltr' id='par_1_5' title="bbox 320 2101 1491 2276">
     <span class='ocr_line' id='line_1_18' title="bbox 425 2101 1491 2187; baseline 0.002 -23"><span class='ocrx_word' id='word_1_142' title='bbox 425 2101 519 2165; x_wconf 86' lang='lat' dir='ltr'>Data</span> <span class='ocrx_word' id='word_1_143' title='bbox 553 2105 606 2166; x_wconf 87' lang='lat' dir='ltr'>est</span> <span class='ocrx_word' id='word_1_144' title='bbox 635 2103 768 2166; x_wconf 89' lang='lat' dir='ltr'>interea</span> <span class='ocrx_word' id='word_1_145' title='bbox 802 2101 940 2185; x_wconf 90' lang='lat' dir='ltr'>publice</span> <span class='ocrx_word' id='word_1_146' title='bbox 970 2107 1123 2187; x_wconf 87' lang='lat' dir='ltr'>potestas</span> <span class='ocrx_word' id='word_1_147' title='bbox 1155 2103 1221 2168; x_wconf 87' lang='lat' dir='ltr'>Ose</span> <span class='ocrx_word' id='word_1_148' title='bbox 1251 2107 1287 2169; x_wconf 87' lang='lat' dir='ltr'>et</span> <span class='ocrx_word' id='word_1_149' title='bbox 1317 2105 1389 2168; x_wconf 86' lang='lat' dir='ltr'>filio</span> <span class='ocrx_word' id='word_1_150' title='bbox 1419 2105 1491 2168; x_wconf 90' lang='lat' dir='ltr'>eius</span> 
     </span>
     <span class='ocr_line' id='line_1_19' title="bbox 320 2189 1490 2276; baseline 0 -22"><span class='ocrx_word' id='word_1_151' title='bbox 320 2190 464 2255; x_wconf 83' lang='lat' dir='ltr'>Alberto</span> <span class='ocrx_word' id='word_1_152' title='bbox 500 2193 535 2254; x_wconf 87' lang='lat' dir='ltr'>et</span> <span class='ocrx_word' id='word_1_153' title='bbox 565 2190 730 2254; x_wconf 85' lang='lat' dir='ltr'>Anselmo</span> <span class='ocrx_word' id='word_1_154' title='bbox 763 2192 805 2256; x_wconf 90' lang='lat' dir='ltr'>de</span> <span class='ocrx_word' id='word_1_155' title='bbox 837 2189 921 2255; x_wconf 89' lang='lat' dir='ltr'>Orto</span> <span class='ocrx_word' id='word_1_156' title='bbox 932 2193 953 2268; x_wconf 77' lang='lat'>²,</span> <span class='ocrx_word' id='word_1_157' title='bbox 988 2195 1029 2254; x_wconf 88' lang='lat' dir='ltr'>ut</span> <span class='ocrx_word' id='word_1_158' title='bbox 1063 2193 1106 2257; x_wconf 90' lang='lat' dir='ltr'>de</span> <span class='ocrx_word' id='word_1_159' title='bbox 1140 2213 1224 2276; x_wconf 88' lang='lat' dir='ltr'>paee</span> <span class='ocrx_word' id='word_1_160' title='bbox 1258 2193 1490 2275; x_wconf 89' lang='lat' dir='ltr'>loquerentur.</span> 
     </span>
    </p>
   </div>
   <div class='ocr_carea' id='block_1_3' title="bbox 597 2345 1216 2411">
    <p class='ocr_par' dir='ltr' id='par_1_6' title="bbox 597 2345 1216 2411">
     <span class='ocr_line' id='line_1_20' title="bbox 597 2345 1216 2411; baseline 0.002 -13"><span class='ocrx_word' id='word_1_161' title='bbox 597 2346 813 2411; x_wconf 77' lang='lat' dir='ltr'>Cadapaelti</span> <span class='ocrx_word' id='word_1_162' title='bbox 834 2345 1000 2398; x_wconf 81' lang='lat' dir='ltr'>Libellus</span> <span class='ocrx_word' id='word_1_163' title='bbox 1023 2348 1216 2400; x_wconf 78' lang='lat' dir='ltr'>tristitiae.</span> 
     </span>
    </p>
   </div>
   <div class='ocr_carea' id='block_1_4' title="bbox 232 2437 1492 2662">
    <p class='ocr_par' dir='ltr' id='par_1_7' title="bbox 232 2437 1492 2662">
     <span class='ocr_line' id='line_1_21' title="bbox 232 2437 1491 2522; baseline -0.002 -14"><span class='ocrx_word' id='word_1_164' title='bbox 232 2455 310 2508; x_wconf 84' lang='lat'>1161.</span> <span class='ocrx_word' id='word_1_165' title='bbox 321 2442 356 2502; x_wconf 90' lang='lat' dir='ltr'>et</span> <span class='ocrx_word' id='word_1_166' title='bbox 373 2439 520 2503; x_wconf 87' lang='lat' dir='ltr'>dedecus</span> <span class='ocrx_word' id='word_1_167' title='bbox 536 2437 856 2515; x_wconf 89' lang='lat' dir='ltr'>Mediolanensium,</span> <span class='ocrx_word' id='word_1_168' title='bbox 880 2438 966 2502; x_wconf 82' lang='lat' dir='ltr'>fecit</span> <span class='ocrx_word' id='word_1_169' title='bbox 985 2440 1076 2522; x_wconf 91' lang='lat' dir='ltr'>ipsos</span> <span class='ocrx_word' id='word_1_170' title='bbox 1100 2448 1200 2504; x_wconf 87' lang='lat' dir='ltr'>ducere</span> <span class='ocrx_word' id='word_1_171' title='bbox 1218 2451 1415 2510; x_wconf 82' lang='lat' dir='ltr'>Mediolanum.</span> <span class='ocrx_word' id='word_1_172' title='bbox 1445 2451 1491 2506; x_wconf 89' lang='lat' dir='ltr'>In·</span> 
     </span>
     <span class='ocr_line' id='line_1_22' title="bbox 320 2520 1491 2592; baseline 0.001 -17"><span class='ocrx_word' id='word_1_173' title='bbox 320 2525 396 2575; x_wconf 87' lang='lat' dir='ltr'>terea</span> <span class='ocrx_word' id='word_1_174' title='bbox 420 2521 469 2588; x_wconf 90' lang='lat' dir='ltr'>qui</span> <span class='ocrx_word' id='word_1_175' title='bbox 491 2521 639 2589; x_wconf 87' lang='lat' dir='ltr'>portabant</span> <span class='ocrx_word' id='word_1_176' title='bbox 665 2520 841 2574; x_wconf 87' lang='lat' dir='ltr'>aPlacentia</span> <span class='ocrx_word' id='word_1_177' title='bbox 864 2524 1017 2574; x_wconf 85' lang='lat' dir='ltr'>mercatum</span> <span class='ocrx_word' id='word_1_178' title='bbox 1036 2521 1233 2592; x_wconf 86' lang='lat' dir='ltr'>Mediolanum,</span> <span class='ocrx_word' id='word_1_179' title='bbox 1259 2523 1282 2575; x_wconf 90' lang='lat' dir='ltr'>si</span> <span class='ocrx_word' id='word_1_180' title='bbox 1307 2524 1491 2591; x_wconf 87' lang='lat' dir='ltr'>capiebantur,</span> 
     </span>
     <span class='ocr_line' id='line_1_23' title="bbox 320 2591 1492 2662; baseline 0.001 -16"><span class='ocrx_word' id='word_1_181' title='bbox 320 2609 418 2646; x_wconf 89' lang='lat' dir='ltr'>manus</span> <span class='ocrx_word' id='word_1_182' title='bbox 436 2608 557 2645; x_wconf 91' lang='lat' dir='ltr'>eorum</span> <span class='ocrx_word' id='word_1_183' title='bbox 576 2591 685 2644; x_wconf 85' lang='lat' dir='ltr'>dextra</span> <span class='ocrx_word' id='word_1_184' title='bbox 703 2593 921 2660; x_wconf 81' lang='lat' dir='ltr'>amputabatur3</span> <span class='ocrx_word' id='word_1_185' title='bbox 941 2595 969 2645; x_wconf 88' lang='lat' dir='ltr'>et</span> <span class='ocrx_word' id='word_1_186' title='bbox 987 2610 1042 2645; x_wconf 90' lang='lat' dir='ltr'>una</span> <span class='ocrx_word' id='word_1_187' title='bbox 1058 2592 1102 2646; x_wconf 93' lang='lat' dir='ltr'>die</span> <span class='ocrx_word' id='word_1_188' title='bbox 1114 2594 1213 2662; x_wconf 86' lang='lat' dir='ltr'>viginti</span> <span class='ocrx_word' id='word_1_189' title='bbox 1231 2594 1350 2662; x_wconf 90' lang='lat' dir='ltr'>quinque</span> <span class='ocrx_word' id='word_1_190' title='bbox 1369 2611 1492 2648; x_wconf 90' lang='lat' dir='ltr'>manus</span> 
     </span>
    </p>
   </div>
   <div class='ocr_carea' id='block_1_5' title="bbox 233 2667 1493 2960">
    <p class='ocr_par' dir='ltr' id='par_1_8' title="bbox 233 2667 1493 2960">
     <span class='ocr_line' id='line_1_24' title="bbox 267 2667 1492 2749; baseline 0.004 -19"><span class='ocrx_word' id='word_1_191' title='bbox 267 2691 311 2734; x_wconf 80' lang='lat' dir='ltr'>oa.</span> <span class='ocrx_word' id='word_1_192' title='bbox 320 2683 460 2749; x_wconf 88' lang='lat' dir='ltr'>amputate</span> <span class='ocrx_word' id='word_1_193' title='bbox 478 2679 590 2733; x_wconf 87' lang='lat' dir='ltr'>fuerunt</span> <span class='ocrx_word' id='word_1_194' title='bbox 607 2667 785 2732; x_wconf 79' lang='lat' dir='ltr'>Placentie</span> <span class='ocrx_word' id='word_1_195' title='bbox 806 2668 947 2732; x_wconf 78' lang='lat' dir='ltr'>civibus.</span> <span class='ocrx_word' id='word_1_196' title='bbox 986 2679 1086 2734; x_wconf 87' lang='lat' dir='ltr'>Postea</span> <span class='ocrx_word' id='word_1_197' title='bbox 1104 2698 1169 2734; x_wconf 90' lang='lat' dir='ltr'>vero</span> <span class='ocrx_word' id='word_1_198' title='bbox 1188 2699 1281 2735; x_wconf 89' lang='lat' dir='ltr'>mense</span> <span class='ocrx_word' id='word_1_199' title='bbox 1298 2681 1413 2735; x_wconf 81' lang='lat' dir='ltr'>Octubri</span> <span class='ocrx_word' id='word_1_200' title='bbox 1426 2681 1492 2735; x_wconf 88' lang='lat' dir='ltr'>Bra-</span> 
     </span>
     <span class='ocr_line' id='line_1_25' title="bbox 320 2749 1493 2834; baseline 0.002 -30"><span class='ocrx_word' id='word_1_201' title='bbox 320 2753 402 2834; x_wconf 80' lang='lat' dir='ltr'>gbeta</span> <span class='ocrx_word' id='word_1_202' title='bbox 420 2749 508 2804; x_wconf 90' lang='lat' dir='ltr'>Maita</span> <span class='ocrx_word' id='word_1_203' title='bbox 526 2753 554 2804; x_wconf 88' lang='lat' dir='ltr'>et</span> <span class='ocrx_word' id='word_1_204' title='bbox 572 2749 709 2804; x_wconf 85' lang='lat' dir='ltr'>Iohannes</span> <span class='ocrx_word' id='word_1_205' title='bbox 728 2751 762 2804; x_wconf 90' lang='lat' dir='ltr'>de</span> <span class='ocrx_word' id='word_1_206' title='bbox 781 2749 882 2806; x_wconf 86' lang='lat' dir='ltr'>Sancto</span> <span class='ocrx_word' id='word_1_207' title='bbox 901 2751 1013 2805; x_wconf 88' lang='lat' dir='ltr'>Blatore</span> <span class='ocrx_word' id='word_1_208' title='bbox 1035 2752 1215 2806; x_wconf 89' lang='lat' dir='ltr'>reddiderunt</span> <span class='ocrx_word' id='word_1_209' title='bbox 1237 2770 1266 2806; x_wconf 90' lang='lat' dir='ltr'>se</span> <span class='ocrx_word' id='word_1_210' title='bbox 1287 2753 1446 2821; x_wconf 89' lang='lat' dir='ltr'>imperatori</span> <span class='ocrx_word' id='word_1_211' title='bbox 1464 2754 1493 2806; x_wconf 93' lang='lat' dir='ltr'>in</span> 
     </span>
     <span class='ocr_line' id='line_1_26' title="bbox 233 2822 1493 2960; baseline -0.004 -8"><span class='ocrx_word' id='word_1_212' title='bbox 233 2822 717 2952; x_wconf 56' lang='lat' dir='ltr'>1162.elmateIrXbblgaediscensio</span> <span class='ocrx_word' id='word_1_213' title='bbox 735 2892 854 2946; x_wconf 87' lang='lat' dir='ltr'>maxima</span> <span class='ocrx_word' id='word_1_214' title='bbox 871 2892 952 2947; x_wconf 79' lang='lat' dir='ltr'>ortas</span> <span class='ocrx_word' id='word_1_215' title='bbox 973 2897 1016 2950; x_wconf 87' lang='lat' dir='ltr'>est</span> <span class='ocrx_word' id='word_1_216' title='bbox 1033 2893 1106 2947; x_wconf 89' lang='lat' dir='ltr'>inter</span> <span class='ocrx_word' id='word_1_217' title='bbox 1124 2894 1205 2960; x_wconf 87' lang='lat' dir='ltr'>cives,</span> <span class='ocrx_word' id='word_1_218' title='bbox 1223 2894 1351 2947; x_wconf 86' lang='lat' dir='ltr'>videlicet</span> <span class='ocrx_word' id='word_1_219' title='bbox 1369 2897 1404 2947; x_wconf 90' lang='lat' dir='ltr'>et</span> <span class='ocrx_word' id='word_1_220' title='bbox 1421 2895 1493 2948; x_wconf 89' lang='lat' dir='ltr'>inter</span> 
     </span>
    </p>
   </div>
   <div class='ocr_carea' id='block_1_6' title="bbox 321 2963 1505 3034">
    <p class='ocr_par' dir='ltr' id='par_1_9' title="bbox 321 2963 1505 3034">
     <span class='ocr_line' id='line_1_27' title="bbox 321 2963 1505 3034; baseline 0 -16"><span class='ocrx_word' id='word_1_221' title='bbox 321 2968 428 3034; x_wconf 89' lang='lat' dir='ltr'>patrem</span> <span class='ocrx_word' id='word_1_222' title='bbox 452 2968 479 3017; x_wconf 91' lang='lat' dir='ltr'>et</span> <span class='ocrx_word' id='word_1_223' title='bbox 500 2963 587 3016; x_wconf 88' lang='lat' dir='ltr'>filium</span> <span class='ocrx_word' id='word_1_224' title='bbox 606 2968 634 3017; x_wconf 86' lang='lat' dir='ltr'>et</span> <span class='ocrx_word' id='word_1_225' title='bbox 651 2964 741 3017; x_wconf 84' lang='lat' dir='ltr'>virum</span> <span class='ocrx_word' id='word_1_226' title='bbox 760 2966 789 3016; x_wconf 85' lang='lat' dir='ltr'>et</span> <span class='ocrx_word' id='word_1_227' title='bbox 805 2981 920 3017; x_wconf 84' lang='lat' dir='ltr'>uxorem</span> <span class='ocrx_word' id='word_1_228' title='bbox 943 2968 971 3018; x_wconf 87' lang='lat' dir='ltr'>et</span> <span class='ocrx_word' id='word_1_229' title='bbox 993 2965 1065 3018; x_wconf 90' lang='lat' dir='ltr'>inter</span> <span class='ocrx_word' id='word_1_230' title='bbox 1087 2965 1201 3018; x_wconf 84' lang='lat' dir='ltr'>fratrem</span> <span class='ocrx_word' id='word_1_231' title='bbox 1224 2969 1252 3018; x_wconf 86' lang='lat' dir='ltr'>et</span> <span class='ocrx_word' id='word_1_232' title='bbox 1273 2964 1395 3020; x_wconf 88' lang='lat' dir='ltr'>fratrem.</span> <span class='ocrx_word' id='word_1_233' title='bbox 1431 2965 1505 3018; x_wconf 85' lang='lat' dir='ltr'>Iam¹</span> 
     </span>
    </p>
   </div>
   <div class='ocr_carea' id='block_1_7' title="bbox 320 3034 1493 3315">
    <p class='ocr_par' dir='ltr' id='par_1_10' title="bbox 320 3034 1493 3315">
     <span class='ocr_line' id='line_1_28' title="bbox 322 3034 1492 3104; baseline -0.001 -15"><span class='ocrx_word' id='word_1_234' title='bbox 322 3037 395 3089; x_wconf 89' lang='lat' dir='ltr'>enim</span> <span class='ocrx_word' id='word_1_235' title='bbox 419 3052 469 3104; x_wconf 89' lang='lat' dir='ltr'>per</span> <span class='ocrx_word' id='word_1_236' title='bbox 492 3037 596 3102; x_wconf 83' lang='lat' dir='ltr'>plateas</span> <span class='ocrx_word' id='word_1_237' title='bbox 621 3035 789 3100; x_wconf 86' lang='lat' dir='ltr'>rixabantur,</span> <span class='ocrx_word' id='word_1_238' title='bbox 815 3034 936 3088; x_wconf 85' lang='lat' dir='ltr'>dicentes</span> <span class='ocrx_word' id='word_1_239' title='bbox 959 3053 988 3088; x_wconf 91' lang='lat' dir='ltr'>se</span> <span class='ocrx_word' id='word_1_240' title='bbox 1006 3037 1076 3088; x_wconf 89' lang='lat' dir='ltr'>velle</span> <span class='ocrx_word' id='word_1_241' title='bbox 1100 3035 1216 3088; x_wconf 87' lang='lat' dir='ltr'>reddere</span> <span class='ocrx_word' id='word_1_242' title='bbox 1241 3035 1408 3104; x_wconf 88' lang='lat' dir='ltr'>imperatori,</span> <span class='ocrx_word' id='word_1_243' title='bbox 1433 3041 1492 3089; x_wconf 91' lang='lat' dir='ltr'>tum</span> 
     </span>
     <span class='ocr_line' id='line_1_29' title="bbox 320 3105 1492 3175; baseline 0.002 -17"><span class='ocrx_word' id='word_1_244' title='bbox 320 3111 434 3175; x_wconf 90' lang='lat' dir='ltr'>propter</span> <span class='ocrx_word' id='word_1_245' title='bbox 452 3105 689 3174; x_wconf 85' lang='lat' dir='ltr'>conspirationem,</span> <span class='ocrx_word' id='word_1_246' title='bbox 715 3121 798 3172; x_wconf 89' lang='lat' dir='ltr'>quam</span> <span class='ocrx_word' id='word_1_247' title='bbox 823 3105 934 3172; x_wconf 91' lang='lat' dir='ltr'>quidam</span> <span class='ocrx_word' id='word_1_248' title='bbox 959 3106 993 3159; x_wconf 89' lang='lat' dir='ltr'>de</span> <span class='ocrx_word' id='word_1_249' title='bbox 1017 3107 1164 3159; x_wconf 85' lang='lat' dir='ltr'>maioribus</span> <span class='ocrx_word' id='word_1_250' title='bbox 1182 3107 1238 3159; x_wconf 90' lang='lat' dir='ltr'>iam</span> <span class='ocrx_word' id='word_1_251' title='bbox 1256 3106 1386 3175; x_wconf 85' lang='lat' dir='ltr'>fecerant,</span> <span class='ocrx_word' id='word_1_252' title='bbox 1409 3110 1441 3160; x_wconf 84' lang='lat' dir='ltr'>ut</span> <span class='ocrx_word' id='word_1_253' title='bbox 1459 3107 1492 3160; x_wconf 92' lang='lat' dir='ltr'>de</span> 
     </span>
     <span class='ocr_line' id='line_1_30' title="bbox 321 3176 1493 3244; baseline -0.002 -12"><span class='ocrx_word' id='word_1_254' title='bbox 321 3177 430 3232; x_wconf 85' lang='lat' dir='ltr'>civitate</span> <span class='ocrx_word' id='word_1_255' title='bbox 452 3176 678 3244; x_wconf 77' lang='lat' dir='ltr'>egredirenture,</span> <span class='ocrx_word' id='word_1_256' title='bbox 704 3178 764 3228; x_wconf 90' lang='lat' dir='ltr'>tum</span> <span class='ocrx_word' id='word_1_257' title='bbox 788 3180 902 3244; x_wconf 88' lang='lat' dir='ltr'>propter</span> <span class='ocrx_word' id='word_1_258' title='bbox 927 3177 1094 3230; x_wconf 87' lang='lat' dir='ltr'>carissimam</span> <span class='ocrx_word' id='word_1_259' title='bbox 1119 3194 1264 3232; x_wconf 85' lang='lat' dir='ltr'>annonam.</span> <span class='ocrx_word' id='word_1_260' title='bbox 1301 3177 1357 3230; x_wconf 90' lang='lat' dir='ltr'>XX</span> <span class='ocrx_word' id='word_1_261' title='bbox 1376 3179 1493 3231; x_wconf 89' lang='lat' dir='ltr'>denariis</span> 
     </span>
     <span class='ocr_line' id='line_1_31' title="bbox 320 3246 1492 3315; baseline 0.002 -15"><span class='ocrx_word' id='word_1_262' title='bbox 320 3248 453 3301; x_wconf 79' lang='lat' dir='ltr'>sextarius</span> <span class='ocrx_word' id='word_1_263' title='bbox 471 3247 559 3314; x_wconf 86' lang='lat' dir='ltr'>blava,</span> <span class='ocrx_word' id='word_1_264' title='bbox 578 3249 607 3299; x_wconf 88' lang='lat' dir='ltr'>et</span> <span class='ocrx_word' id='word_1_265' title='bbox 624 3246 756 3300; x_wconf 80' lang='lat' dir='ltr'>sextarius</span> <span class='ocrx_word' id='word_1_266' title='bbox 775 3247 837 3300; x_wconf 84' lang='lat' dir='ltr'>salis</span> <span class='ocrx_word' id='word_1_267' title='bbox 855 3247 939 3300; x_wconf 89' lang='lat' dir='ltr'>XXX</span> <span class='ocrx_word' id='word_1_268' title='bbox 951 3248 1033 3302; x_wconf 86' lang='lat' dir='ltr'>soldis</span> <span class='ocrx_word' id='word_1_269' title='bbox 1052 3248 1234 3315; x_wconf 74' lang='lat' dir='ltr'>vendebatur,</span> <span class='ocrx_word' id='word_1_270' title='bbox 1252 3248 1323 3301; x_wconf 91' lang='lat' dir='ltr'>libra</span> <span class='ocrx_word' id='word_1_271' title='bbox 1341 3249 1412 3301; x_wconf 89' lang='lat' dir='ltr'>casei</span> <span class='ocrx_word' id='word_1_272' title='bbox 1431 3252 1492 3302; x_wconf 88' lang='lat' dir='ltr'>octo</span> 
     </span>
    </p>
   </div>
   <div class='ocr_carea' id='block_1_8' title="bbox 320 3317 1492 3444">
    <p class='ocr_par' dir='ltr' id='par_1_11' title="bbox 320 3317 1492 3444">
     <span class='ocr_line' id='line_1_32' title="bbox 321 3317 1492 3386; baseline 0 -14"><span class='ocrx_word' id='word_1_273' title='bbox 321 3318 438 3373; x_wconf 85' lang='lat' dir='ltr'>denariis</span> <span class='ocrx_word' id='word_1_274' title='bbox 461 3319 616 3384; x_wconf 84' lang='lat' dir='ltr'>emebatur;</span> <span class='ocrx_word' id='word_1_275' title='bbox 642 3334 706 3370; x_wconf 88' lang='lat' dir='ltr'>carc</span> <span class='ocrx_word' id='word_1_276' title='bbox 725 3317 863 3372; x_wconf 84' lang='lat' dir='ltr'>carissima</span> <span class='ocrx_word' id='word_1_277' title='bbox 882 3322 949 3374; x_wconf 87' lang='lat' dir='ltr'>erat.</span> <span class='ocrx_word' id='word_1_278' title='bbox 985 3317 1057 3372; x_wconf 89' lang='lat' dir='ltr'>Nam</span> <span class='ocrx_word' id='word_1_279' title='bbox 1080 3319 1109 3371; x_wconf 94' lang='lat' dir='ltr'>in</span> <span class='ocrx_word' id='word_1_280' title='bbox 1127 3322 1225 3386; x_wconf 84' lang='lat' dir='ltr'>quarta</span> <span class='ocrx_word' id='word_1_281' title='bbox 1242 3322 1321 3386; x_wconf 88' lang='lat' dir='ltr'>parte</span> <span class='ocrx_word' id='word_1_282' title='bbox 1339 3319 1416 3373; x_wconf 89' lang='lat' dir='ltr'>bovis</span> <span class='ocrx_word' id='word_1_283' title='bbox 1435 3320 1492 3373; x_wconf 88' lang='lat' dir='ltr'>da·</span> 
     </span>
     <span class='ocr_line' id='line_1_33' title="bbox 320 3388 656 3444; baseline 0 -1"><span class='ocrx_word' id='word_1_284' title='bbox 320 3390 427 3444; x_wconf 86' lang='lat' dir='ltr'>batur</span> <span class='ocrx_word' id='word_1_285' title='bbox 445 3388 525 3444; x_wconf 91' lang='lat' dir='ltr'>XXI.</span> <span class='ocrx_word' id='word_1_286' title='bbox 544 3389 656 3444; x_wconf 88' lang='lat' dir='ltr'>soldus.</span> 
     </span>
    </p>
   </div>
   <div class='ocr_carea' id='block_1_9' title="bbox 268 3465 1494 3636">
    <p class='ocr_par' dir='ltr' id='par_1_12' title="bbox 268 3465 1494 3636">
     <span class='ocr_line' id='line_1_34' title="bbox 268 3465 1494 3545; baseline 0.002 -17"><span class='ocrx_word' id='word_1_287' title='bbox 268 3490 311 3538; x_wconf 75' lang='lat' dir='ltr'>(aa)</span> <span class='ocrx_word' id='word_1_288' title='bbox 426 3477 538 3532; x_wconf 87' lang='lat' dir='ltr'>Interea</span> <span class='ocrx_word' id='word_1_289' title='bbox 556 3477 621 3530; x_wconf 86' lang='lat' dir='ltr'>data</span> <span class='ocrx_word' id='word_1_290' title='bbox 638 3480 680 3530; x_wconf 90' lang='lat' dir='ltr'>est</span> <span class='ocrx_word' id='word_1_291' title='bbox 696 3476 806 3545; x_wconf 86' lang='lat' dir='ltr'>publice</span> <span class='ocrx_word' id='word_1_292' title='bbox 828 3477 982 3531; x_wconf 88' lang='lat' dir='ltr'>licentia</span> <span class='ocrx_word' id='word_1_293' title='bbox 1003 3480 1038 3531; x_wconf 85' lang='lat' dir='ltr'>et</span> <span class='ocrx_word' id='word_1_294' title='bbox 1055 3480 1175 3545; x_wconf 85' lang='lat' dir='ltr'>potestas</span> <span class='ocrx_word' id='word_1_295' title='bbox 1195 3465 1314 3530; x_wconf 72' lang='lat' dir='ltr'>comiti</span> <span class='ocrx_word' id='word_1_296' title='bbox 1334 3467 1376 3530; x_wconf 83' lang='lat' dir='ltr'>de</span> <span class='ocrx_word' id='word_1_297' title='bbox 1393 3466 1494 3530; x_wconf 87' lang='lat' dir='ltr'>Blan-</span> 
     </span>
     <span class='ocr_line' id='line_1_35' title="bbox 322 3553 1494 3636; baseline 0.001 -18"><span class='ocrx_word' id='word_1_298' title='bbox 322 3555 402 3618; x_wconf 91' lang='lat' dir='ltr'>date</span> <span class='ocrx_word' id='word_1_299' title='bbox 412 3553 433 3630; x_wconf 83' lang='lat'>³,</span> <span class='ocrx_word' id='word_1_300' title='bbox 459 3555 501 3618; x_wconf 92' lang='lat' dir='ltr'>de</span> <span class='ocrx_word' id='word_1_301' title='bbox 525 3574 592 3636; x_wconf 93' lang='lat' dir='ltr'>quo</span> <span class='ocrx_word' id='word_1_302' title='bbox 615 3553 891 3619; x_wconf 84' lang='lat' dir='ltr'>Mediolanenses</span> <span class='ocrx_word' id='word_1_303' title='bbox 916 3553 1146 3630; x_wconf 87' lang='lat' dir='ltr'>confidebant,</span> <span class='ocrx_word' id='word_1_304' title='bbox 1171 3558 1207 3619; x_wconf 86' lang='lat' dir='ltr'>et</span> <span class='ocrx_word' id='word_1_305' title='bbox 1230 3567 1284 3621; x_wconf 79' lang='lat' dir='ltr'>Osa</span> <span class='ocrx_word' id='word_1_306' title='bbox 1307 3570 1335 3620; x_wconf 81' lang='lat' dir='ltr'>et</span> <span class='ocrx_word' id='word_1_307' title='bbox 1356 3565 1413 3620; x_wconf 86' lang='lat' dir='ltr'>filio</span> <span class='ocrx_word' id='word_1_308' title='bbox 1436 3567 1494 3620; x_wconf 85' lang='lat' dir='ltr'>eius</span> 
     </span>
    </p>
   </div>
   <div class='ocr_carea' id='block_1_10' title="bbox 319 3706 1497 3917">
    <p class='ocr_par' dir='ltr' id='par_1_13' title="bbox 319 3706 1497 3917">
     <span class='ocr_line' id='line_1_36' title="bbox 323 3706 1494 3758; baseline 0 -10"><span class='ocrx_word' id='word_1_309' title='bbox 323 3711 344 3756; x_wconf 86' lang='lat' dir='ltr'>a)</span> <span class='ocrx_word' id='word_1_310' title='bbox 358 3708 487 3756; x_wconf 74' lang='lat' dir='ltr'>Pragmaita</span> <span class='ocrx_word' id='word_1_311' title='bbox 501 3711 533 3758; x_wconf 75' lang='lat' dir='ltr'>A;</span> <span class='ocrx_word' id='word_1_312' title='bbox 556 3709 706 3758; x_wconf 81' lang='lat' dir='ltr'>Bragamayta</span> <span class='ocrx_word' id='word_1_313' title='bbox 721 3707 817 3751; x_wconf 71' lang='lat' dir='ltr'>Calchas.</span> <span class='ocrx_word' id='word_1_314' title='bbox 877 3707 901 3755; x_wconf 88' lang='lat' dir='ltr'>b)</span> <span class='ocrx_word' id='word_1_315' title='bbox 914 3717 1021 3755; x_wconf 74' lang='lat' dir='ltr'>superser.</span> <span class='ocrx_word' id='word_1_316' title='bbox 1035 3708 1061 3749; x_wconf 73' lang='lat' dir='ltr'>A.</span> <span class='ocrx_word' id='word_1_317' title='bbox 1116 3709 1137 3756; x_wconf 83' lang='lat' dir='ltr'>c)</span> <span class='ocrx_word' id='word_1_318' title='bbox 1151 3706 1256 3748; x_wconf 86' lang='lat' dir='ltr'>denarios</span> <span class='ocrx_word' id='word_1_319' title='bbox 1271 3711 1297 3751; x_wconf 72' lang='lat' dir='ltr'>A.</span> <span class='ocrx_word' id='word_1_320' title='bbox 1356 3707 1379 3758; x_wconf 92' lang='lat' dir='ltr'>d)</span> <span class='ocrx_word' id='word_1_321' title='bbox 1394 3710 1454 3748; x_wconf 86' lang='lat' dir='ltr'>casei</span> <span class='ocrx_word' id='word_1_322' title='bbox 1468 3729 1494 3738; x_wconf 90' lang='grc'>-</span> 
     </span>
     <span class='ocr_line' id='line_1_37' title="bbox 324 3761 1497 3812; baseline -0.001 -11"><span class='ocrx_word' id='word_1_323' title='bbox 324 3763 379 3802; x_wconf 86' lang='lat' dir='ltr'>Nam</span> <span class='ocrx_word' id='word_1_324' title='bbox 389 3762 413 3801; x_wconf 91' lang='lat' dir='ltr'>in</span> <span class='ocrx_word' id='word_1_325' title='bbox 427 3772 454 3800; x_wconf 78' lang='lat' dir='ltr'>ea</span> <span class='ocrx_word' id='word_1_326' title='bbox 462 3763 488 3804; x_wconf 89' lang='grc' dir='ltr'>Β,</span> <span class='ocrx_word' id='word_1_327' title='bbox 498 3762 519 3800; x_wconf 90' lang='grc' dir='ltr'><strong><em>Ρ</em></strong></span> <span class='ocrx_word' id='word_1_328' title='bbox 530 3762 634 3811; x_wconf 78' lang='lat' dir='ltr'>suppleat,</span> <span class='ocrx_word' id='word_1_329' title='bbox 649 3772 696 3799; x_wconf 86' lang='lat' dir='ltr'>eum</span> <span class='ocrx_word' id='word_1_330' title='bbox 710 3762 756 3799; x_wconf 83' lang='lat' dir='ltr'>luce</span> <span class='ocrx_word' id='word_1_331' title='bbox 769 3761 852 3799; x_wconf 81' lang='lat' dir='ltr'>alarias</span> <span class='ocrx_word' id='word_1_332' title='bbox 866 3765 973 3808; x_wconf 79' lang='lat' dir='ltr'>appareat</span> <span class='ocrx_word' id='word_1_333' title='bbox 986 3761 1026 3798; x_wconf 82' lang='lat' dir='ltr'>hoe</span> <span class='ocrx_word' id='word_1_334' title='bbox 1040 3761 1086 3799; x_wconf 83' lang='lat' dir='ltr'>lace</span> <span class='ocrx_word' id='word_1_335' title='bbox 1100 3763 1206 3811; x_wconf 79' lang='lat' dir='ltr'>quaedam</span> <span class='ocrx_word' id='word_1_336' title='bbox 1220 3764 1330 3812; x_wconf 72' lang='lat' dir='ltr'>excidisse,</span> <span class='ocrx_word' id='word_1_337' title='bbox 1345 3767 1364 3800; x_wconf 91' lang='lat' dir='ltr'>et</span> <span class='ocrx_word' id='word_1_338' title='bbox 1378 3772 1432 3811; x_wconf 77' lang='lat' dir='ltr'>qaae</span> <span class='ocrx_word' id='word_1_339' title='bbox 1441 3763 1466 3804; x_wconf 90' lang='grc' dir='ltr'>Β,</span> <span class='ocrx_word' id='word_1_340' title='bbox 1476 3763 1497 3800; x_wconf 88' lang='grc' dir='ltr'><em>Ρ</em></span> 
     </span>
     <span class='ocr_line' id='line_1_38' title="bbox 319 3813 1494 3864; baseline -0.001 -10"><span class='ocrx_word' id='word_1_341' title='bbox 319 3816 425 3864; x_wconf 79' lang='lat' dir='ltr'>praebent</span> <span class='ocrx_word' id='word_1_342' title='bbox 438 3825 482 3854; x_wconf 84' lang='lat' dir='ltr'>noa</span> <span class='ocrx_word' id='word_1_343' title='bbox 495 3816 552 3854; x_wconf 82' lang='lat' dir='ltr'>tatia</span> <span class='ocrx_word' id='word_1_344' title='bbox 565 3816 615 3864; x_wconf 83' lang='lat' dir='ltr'>siat,</span> <span class='ocrx_word' id='word_1_345' title='bbox 630 3814 814 3864; x_wconf 71' lang='lat' dir='ltr'>quaeaCedaaa.</span> <span class='ocrx_word' id='word_1_346' title='bbox 824 3815 902 3852; x_wconf 83' lang='lat' dir='ltr'>addita</span> <span class='ocrx_word' id='word_1_347' title='bbox 910 3823 955 3853; x_wconf 79' lang='lat' dir='ltr'>ease</span> <span class='ocrx_word' id='word_1_348' title='bbox 963 3815 1084 3858; x_wconf 79' lang='lat' dir='ltr'>rideantur.</span> <span class='ocrx_word' id='word_1_349' title='bbox 1125 3817 1146 3864; x_wconf 88' lang='lat' dir='ltr'>e)</span> <span class='ocrx_word' id='word_1_350' title='bbox 1160 3813 1266 3858; x_wconf 77' lang='lat' dir='ltr'>soldisA.</span> <span class='ocrx_word' id='word_1_351' title='bbox 1306 3816 1451 3864; x_wconf 72' lang='lat' dir='ltr'>OaicPcum</span> <span class='ocrx_word' id='word_1_352' title='bbox 1462 3815 1494 3863; x_wconf 73' lang='lat' dir='ltr'>A‚·</span> 
     </span>
     <span class='ocr_line' id='line_1_39' title="bbox 323 3865 901 3917; baseline 0.005 -11"><span class='ocrx_word' id='word_1_353' title='bbox 323 3870 337 3910; x_wconf 82' lang='lat' dir='ltr'>i,</span> <span class='ocrx_word' id='word_1_354' title='bbox 351 3879 370 3910; x_wconf 89' lang='lat' dir='ltr'>c.</span> <span class='ocrx_word' id='word_1_355' title='bbox 384 3872 435 3908; x_wconf 87' lang='lat' dir='ltr'>orta</span> <span class='ocrx_word' id='word_1_356' title='bbox 448 3872 483 3908; x_wconf 90' lang='lat' dir='ltr'>est</span> <span class='ocrx_word' id='word_1_357' title='bbox 496 3869 522 3911; x_wconf 90' lang='lat' dir='ltr'>B.</span> <span class='ocrx_word' id='word_1_358' title='bbox 575 3869 598 3917; x_wconf 80' lang='lat' dir='ltr'>g)</span> <span class='ocrx_word' id='word_1_359' title='bbox 611 3869 642 3906; x_wconf 86' lang='lat' dir='ltr'>aie</span> <span class='ocrx_word' id='word_1_360' title='bbox 655 3869 687 3916; x_wconf 89' lang='grc' dir='ltr'>Β,·</span> <span class='ocrx_word' id='word_1_361' title='bbox 701 3865 863 3916; x_wconf 80' lang='lat' dir='ltr'>egrederentur</span> <span class='ocrx_word' id='word_1_362' title='bbox 876 3867 901 3909; x_wconf 88' lang='lat' dir='ltr'>P.</span> 
     </span>
    </p>
   </div>
   <div class='ocr_carea' id='block_1_11' title="bbox 321 3947 1494 4183">
    <p class='ocr_par' dir='ltr' id='par_1_14' title="bbox 321 3947 1494 4183">
     <span class='ocr_line' id='line_1_40' title="bbox 324 3947 1494 4042; baseline 0.001 -14"><span class='ocrx_word' id='word_1_363' title='bbox 324 3974 350 4040; x_wconf 90' lang='lat'>1)</span> <span class='ocrx_word' id='word_1_364' title='bbox 372 3975 436 4027; x_wconf 86' lang='lat' dir='ltr'>Vide</span> <span class='ocrx_word' id='word_1_365' title='bbox 460 3990 526 4041; x_wconf 80' lang='lat' dir='ltr'>qaae</span> <span class='ocrx_word' id='word_1_366' title='bbox 548 3975 666 4026; x_wconf 78' lang='lat' dir='ltr'>Acerbua</span> <span class='ocrx_word' id='word_1_367' title='bbox 683 3974 796 4026; x_wconf 82' lang='lat' dir='ltr'>Merena</span> <span class='ocrx_word' id='word_1_368' title='bbox 810 3991 839 4042; x_wconf 82' lang='lat' dir='ltr'>p.</span> <span class='ocrx_word' id='word_1_369' title='bbox 853 3974 915 4028; x_wconf 85' lang='lat'>635.</span> <span class='ocrx_word' id='word_1_370' title='bbox 939 3975 971 4026; x_wconf 84' lang='lat' dir='ltr'>ele</span> <span class='ocrx_word' id='word_1_371' title='bbox 992 3976 1081 4041; x_wconf 81' lang='lat' dir='ltr'>pretio</span> <span class='ocrx_word' id='word_1_372' title='bbox 1105 3977 1237 4040; x_wconf 81' lang='lat' dir='ltr'>frameati</span> <span class='ocrx_word' id='word_1_373' title='bbox 1259 3981 1284 4027; x_wconf 89' lang='lat' dir='ltr'>et</span> <span class='ocrx_word' id='word_1_374' title='bbox 1307 3947 1376 4027; x_wconf 80' lang='lat' dir='ltr'>catis</span> <span class='ocrx_word' id='word_1_375' title='bbox 1399 3976 1494 4029; x_wconf 83' lang='lat' dir='ltr'>tradit.</span> 
     </span>
     <span class='ocr_line' id='line_1_41' title="bbox 324 4045 1493 4113; baseline 0 -14"><span class='ocrx_word' id='word_1_376' title='bbox 324 4046 351 4112; x_wconf 85' lang='lat'>2)</span> <span class='ocrx_word' id='word_1_377' title='bbox 367 4045 420 4096; x_wconf 85' lang='lat' dir='ltr'>Hie</span> <span class='ocrx_word' id='word_1_378' title='bbox 438 4051 461 4096; x_wconf 88' lang='lat' dir='ltr'>et</span> <span class='ocrx_word' id='word_1_379' title='bbox 475 4046 527 4098; x_wconf 82' lang='lat' dir='ltr'>Osa</span> <span class='ocrx_word' id='word_1_380' title='bbox 545 4047 656 4109; x_wconf 82' lang='lat' dir='ltr'>fuerant</span> <span class='ocrx_word' id='word_1_381' title='bbox 674 4045 722 4096; x_wconf 82' lang='lat' dir='ltr'>hoc</span> <span class='ocrx_word' id='word_1_382' title='bbox 740 4061 812 4096; x_wconf 82' lang='lat' dir='ltr'>aare</span> <span class='ocrx_word' id='word_1_383' title='bbox 823 4045 941 4096; x_wconf 73' lang='lat' dir='ltr'>emmas</span> <span class='ocrx_word' id='word_1_384' title='bbox 952 4045 1176 4106; x_wconf 60' lang='lat' dir='ltr'>Mediolanensem·</span> <span class='ocrx_word' id='word_1_385' title='bbox 1194 4047 1269 4113; x_wconf 82' lang='lat' dir='ltr'>apad</span> <span class='ocrx_word' id='word_1_386' title='bbox 1281 4047 1410 4098; x_wconf 77' lang='lat' dir='ltr'>Acerbum</span> <span class='ocrx_word' id='word_1_387' title='bbox 1423 4047 1493 4100; x_wconf 85' lang='lat' dir='ltr'>Mer.</span> 
     </span>
     <span class='ocr_line' id='line_1_42' title="bbox 321 4112 1494 4183; baseline 0.001 -13"><span class='ocrx_word' id='word_1_388' title='bbox 321 4132 349 4183; x_wconf 81' lang='lat' dir='ltr'>p.</span> <span class='ocrx_word' id='word_1_389' title='bbox 362 4118 423 4170; x_wconf 83' lang='lat'>636.</span> <span class='ocrx_word' id='word_1_390' title='bbox 450 4115 586 4181; x_wconf 74' lang='lat' dir='ltr'>iraeadem</span> <span class='ocrx_word' id='word_1_391' title='bbox 610 4123 648 4168; x_wconf 79' lang='lat' dir='ltr'>est</span> <span class='ocrx_word' id='word_1_392' title='bbox 670 4113 820 4167; x_wconf 83' lang='lat' dir='ltr'>Ardericus</span> <span class='ocrx_word' id='word_1_393' title='bbox 839 4112 958 4182; x_wconf 82' lang='lat' dir='ltr'>Cassina,</span> <span class='ocrx_word' id='word_1_394' title='bbox 983 4113 1037 4168; x_wconf 88' lang='lat' dir='ltr'>Osa</span> <span class='ocrx_word' id='word_1_395' title='bbox 1059 4132 1113 4168; x_wconf 86' lang='lat' dir='ltr'>aaa</span> <span class='ocrx_word' id='word_1_396' title='bbox 1133 4114 1283 4168; x_wconf 80' lang='lat' dir='ltr'>Ardericus</span> <span class='ocrx_word' id='word_1_397' title='bbox 1302 4114 1413 4169; x_wconf 80' lang='lat' dir='ltr'>Cassina</span> <span class='ocrx_word' id='word_1_398' title='bbox 1432 4115 1494 4171; x_wconf 85' lang='lat' dir='ltr'>Osa.</span> 
     </span>
    </p>
   </div>
   <div class='ocr_carea' id='block_1_12' title="bbox 324 4176 1581 4253">
    <p class='ocr_par' dir='ltr' id='par_1_15' title="bbox 324 4176 1581 4253">
     <span class='ocr_line' id='line_1_43' title="bbox 324 4176 1581 4253; baseline -0.001 -12"><span class='ocrx_word' id='word_1_399' title='bbox 324 4187 351 4253; x_wconf 90' lang='lat'>3)</span> <span class='ocrx_word' id='word_1_400' title='bbox 369 4187 459 4238; x_wconf 74' lang='lat' dir='ltr'>eatae</span> <span class='ocrx_word' id='word_1_401' title='bbox 470 4203 551 4240; x_wconf 76' lang='lat' dir='ltr'>mirrea</span> <span class='ocrx_word' id='word_1_402' title='bbox 563 4188 594 4239; x_wconf 80' lang='lat' dir='ltr'>de</span> <span class='ocrx_word' id='word_1_403' title='bbox 606 4187 757 4239; x_wconf 83' lang='lat' dir='ltr'>Blaadrate</span> <span class='ocrx_word' id='word_1_404' title='bbox 774 4202 792 4236; x_wconf 91' lang='lat' dir='ltr'>a</span> <span class='ocrx_word' id='word_1_405' title='bbox 808 4193 887 4253; x_wconf 88' lang='lat' dir='ltr'>parte</span> <span class='ocrx_word' id='word_1_406' title='bbox 899 4188 1079 4253; x_wconf 80' lang='lat' dir='ltr'>imperatorie,</span> <span class='ocrx_word' id='word_1_407' title='bbox 1098 4202 1153 4238; x_wconf 87' lang='lat' dir='ltr'>aaa</span> <span class='ocrx_word' id='word_1_408' title='bbox 1164 4188 1405 4240; x_wconf 81' lang='lat' dir='ltr'>Mediolaneaaiam</span> <span class='ocrx_word' id='word_1_409' title='bbox 1417 4191 1495 4242; x_wconf 81' lang='lat' dir='ltr'>stetit.</span> <span class='ocrx_word' id='word_1_410' title='bbox 1576 4176 1581 4188; x_wconf 67' lang='grc'><strong>’</strong></span> 
     </span>
    </p>
   </div>
   <div class='ocr_carea' id='block_1_13' title="bbox 323 4257 1496 4535">
    <p class='ocr_par' dir='ltr' id='par_1_16' title="bbox 323 4257 1496 4535">
     <span class='ocr_line' id='line_1_44' title="bbox 325 4257 1496 4326; baseline 0.001 -16"><span class='ocrx_word' id='word_1_411' title='bbox 325 4257 422 4310; x_wconf 77' lang='lat' dir='ltr'>Ordaia</span> <span class='ocrx_word' id='word_1_412' title='bbox 446 4273 513 4324; x_wconf 82' lang='lat' dir='ltr'>qaae</span> <span class='ocrx_word' id='word_1_413' title='bbox 536 4259 567 4309; x_wconf 87' lang='lat' dir='ltr'>de</span> <span class='ocrx_word' id='word_1_414' title='bbox 591 4273 620 4309; x_wconf 89' lang='lat' dir='ltr'>eo</span> <span class='ocrx_word' id='word_1_415' title='bbox 643 4264 667 4308; x_wconf 89' lang='lat' dir='ltr'>et</span> <span class='ocrx_word' id='word_1_416' title='bbox 689 4259 746 4309; x_wconf 78' lang='lat' dir='ltr'>etas</span> <span class='ocrx_word' id='word_1_417' title='bbox 763 4263 881 4308; x_wconf 87' lang='lat' dir='ltr'>tractata</span> <span class='ocrx_word' id='word_1_418' title='bbox 900 4257 1018 4322; x_wconf 73' lang='lat' dir='ltr'>Oadaya.</span> <span class='ocrx_word' id='word_1_419' title='bbox 1044 4257 1091 4309; x_wconf 79' lang='lat' dir='ltr'>baa</span> <span class='ocrx_word' id='word_1_420' title='bbox 1117 4259 1171 4309; x_wconf 85' lang='lat' dir='ltr'>leco</span> <span class='ocrx_word' id='word_1_421' title='bbox 1195 4265 1303 4324; x_wconf 83' lang='lat' dir='ltr'>narrat,</span> <span class='ocrx_word' id='word_1_422' title='bbox 1329 4260 1496 4326; x_wconf 77' lang='lat' dir='ltr'>impudenter</span> 
     </span>
     <span class='ocr_line' id='line_1_45' title="bbox 323 4329 1493 4396; baseline 0.002 -16"><span class='ocrx_word' id='word_1_423' title='bbox 323 4329 461 4380; x_wconf 83' lang='lat' dir='ltr'>eraeatitaa</span> <span class='ocrx_word' id='word_1_424' title='bbox 478 4335 523 4382; x_wconf 82' lang='lat' dir='ltr'>eat.</span> <span class='ocrx_word' id='word_1_425' title='bbox 553 4329 624 4392; x_wconf 79' lang='lat' dir='ltr'>Quae</span> <span class='ocrx_word' id='word_1_426' title='bbox 641 4343 733 4380; x_wconf 82' lang='lat' dir='ltr'>revera</span> <span class='ocrx_word' id='word_1_427' title='bbox 751 4343 833 4380; x_wconf 76' lang='lat' dir='ltr'>cerae</span> <span class='ocrx_word' id='word_1_428' title='bbox 845 4329 895 4379; x_wconf 80' lang='lat' dir='ltr'>hac</span> <span class='ocrx_word' id='word_1_429' title='bbox 907 4331 937 4379; x_wconf 87' lang='lat' dir='ltr'>ia</span> <span class='ocrx_word' id='word_1_430' title='bbox 948 4331 1108 4394; x_wconf 68' lang='lat' dir='ltr'>recesserit,</span> <span class='ocrx_word' id='word_1_431' title='bbox 1127 4329 1186 4380; x_wconf 85' lang='lat' dir='ltr'>aide</span> <span class='ocrx_word' id='word_1_432' title='bbox 1197 4331 1227 4380; x_wconf 88' lang='lat' dir='ltr'>ia</span> <span class='ocrx_word' id='word_1_433' title='bbox 1239 4332 1313 4396; x_wconf 79' lang='lat' dir='ltr'>epist.</span> <span class='ocrx_word' id='word_1_434' title='bbox 1327 4330 1493 4395; x_wconf 82' lang='lat' dir='ltr'>Barchardi,</span> 
     </span>
     <span class='ocr_line' id='line_1_46' title="bbox 323 4399 1496 4466; baseline 0.001 -14"><span class='ocrx_word' id='word_1_435' title='bbox 323 4399 434 4464; x_wconf 77' lang='lat' dir='ltr'>Frater,</span> <span class='ocrx_word' id='word_1_436' title='bbox 454 4399 502 4452; x_wconf 82' lang='lat' dir='ltr'>SS.</span> <span class='ocrx_word' id='word_1_437' title='bbox 515 4399 549 4454; x_wconf 78' lang='lat' dir='ltr'>a.</span> <span class='ocrx_word' id='word_1_438' title='bbox 564 4401 652 4453; x_wconf 78' lang='lat' dir='ltr'>Gerar.</span> <span class='ocrx_word' id='word_1_439' title='bbox 671 4399 694 4462; x_wconf 95' lang='lat' dir='ltr'>I,</span> <span class='ocrx_word' id='word_1_440' title='bbox 712 4417 741 4465; x_wconf 83' lang='lat' dir='ltr'>p.</span> <span class='ocrx_word' id='word_1_441' title='bbox 754 4401 814 4453; x_wconf 83' lang='lat'>236.</span> <span class='ocrx_word' id='word_1_442' title='bbox 851 4399 923 4451; x_wconf 79' lang='lat' dir='ltr'>aaa</span> <span class='ocrx_word' id='word_1_443' title='bbox 939 4401 1045 4466; x_wconf 75' lang='lat' dir='ltr'>prieris</span> <span class='ocrx_word' id='word_1_444' title='bbox 1059 4400 1137 4466; x_wconf 82' lang='lat' dir='ltr'>paris</span> <span class='ocrx_word' id='word_1_445' title='bbox 1154 4415 1180 4454; x_wconf 89' lang='lat' dir='ltr'>a.</span> <span class='ocrx_word' id='word_1_446' title='bbox 1195 4401 1272 4456; x_wconf 82' lang='lat'>1158.</span> <span class='ocrx_word' id='word_1_447' title='bbox 1291 4403 1378 4466; x_wconf 72' lang='lat' dir='ltr'>tactae</span> <span class='ocrx_word' id='word_1_448' title='bbox 1395 4402 1496 4453; x_wconf 50' lang='lat' dir='ltr'>media!</span> 
     </span>
     <span class='ocr_line' id='line_1_47' title="bbox 324 4469 904 4535; baseline 0.003 -13"><span class='ocrx_word' id='word_1_449' title='bbox 324 4477 406 4522; x_wconf 87' lang='lat' dir='ltr'>terem</span> <span class='ocrx_word' id='word_1_450' title='bbox 424 4471 508 4534; x_wconf 71' lang='lat' dir='ltr'>pittace</span> <span class='ocrx_word' id='word_1_451' title='bbox 525 4470 611 4520; x_wconf 85' lang='lat' dir='ltr'>tradit</span> <span class='ocrx_word' id='word_1_452' title='bbox 630 4469 767 4522; x_wconf 80' lang='lat' dir='ltr'>Rahewia.</span> <span class='ocrx_word' id='word_1_453' title='bbox 785 4469 841 4535; x_wconf 82' lang='lat' dir='ltr'>III,</span> <span class='ocrx_word' id='word_1_454' title='bbox 860 4471 904 4524; x_wconf 85' lang='lat'>45.</span> 
     </span>
    </p>
   </div>
   <div class='ocr_carea' id='block_1_14' title="bbox 1613 4315 1640 4532">
    <p class='ocr_par' dir='ltr' id='par_1_17' title="bbox 1613 4315 1640 4532">
     <span class='ocr_line' id='line_1_48' title="bbox 1613 4315 1640 4428; baseline 0 0"><span class='ocrx_word' id='word_1_455' title='bbox 1613 4371 1614 4374; x_wconf 38' lang='lat'>‘</span> <span class='ocrx_word' id='word_1_456' title='bbox 1638 4315 1640 4428; x_wconf 82' lang='lat' dir='ltr'>l</span> 
     </span>
     <span class='ocr_line' id='line_1_49' title="bbox 1638 4441 1640 4532; baseline 0 0"><span class='ocrx_word' id='word_1_457' title='bbox 1638 4441 1640 4532; x_wconf 78' lang='lat'>1</span> 
     </span>
    </p>
   </div>
   <div class='ocr_carea' id='block_1_15' title="bbox 0 0 1672 5146">
    <p class='ocr_par' dir='ltr' id='par_1_18' title="bbox 0 0 1672 5146">
     <span class='ocr_line' id='line_1_50' title="bbox 0 0 1672 5146; baseline 0 0"><span class='ocrx_word' id='word_1_458' title='bbox 0 0 1672 5146; x_wconf 95' lang='lat' dir='ltr'> </span> 
     </span>
    </p>
   </div>
  </div>
 </body>
</html>
