3324 5146
320 515 372 570 EX
391 515 522 572 IACOBI
540 515 731 584 AQUENSIS
751 515 918 571 eleemon
936 513 1130 572 YMAGINIS
1148 513 1284 571 MUNDL
1357 519 1392 572 97

217 700 326 765 donec
356 699 512 764 venimus
547 699 711 783 pacifice⁸
744 699 789 762 ad
819 699 996 764 civitatem
1026 700 1200 782 quandam
1229 699 1391 764 Armenia
1404 719 1480 772 1190.

216 789 355 875 nornine
370 787 585 872 Phalephy¹;
611 791 647 851 et
669 781 902 852 habebamusb
923 787 1076 852 dolorem
1090 807 1197 872 prope
1216 791 1251 852 et
1266 789 1513 863 nescis-(raso).

216 877 348 942 bamus.
395 876 442 940 Elt
456 876 640 941 videbatur
655 875 765 953 nobis,
789 877 882 959 quod
897 895 1047 941 essemus
1065 877 1102 939 in
1117 877 1286 960 paradise,
1312 877 1392 959 quia

217 987 351 1031 eramus
374 966 412 1029 in
435 985 529 1049 pace.
575 965 669 1029 Mors
699 968 817 1028 autem
846 965 1062 1049 imperatoris
1085 966 1195 1029 nostri
1219 965 1392 1030 Frederici

217 1058 292 1119 erat
315 1055 517 1139 propinqua,
542 1053 632 1117 sicut
654 1053 748 1117 infra
771 1053 915 1118 dicetur.

270 1313 320 1368 Du
338 1311 499 1368 MAXIMO
517 1311 670 1367 DOLORE
688 1311 739 1366 DE
757 1311 893 1367 MORTE
911 1311 1053 1368 NOSTRI
1071 1311 1337 1368 IMPERATORIS

545 1399 754 1456 FREDERIOI
771 1399 1062 1457 BARBA-ROSSA.

324 1513 426 1579 Ultra
448 1513 578 1578 flumen
593 1513 789 1596 predictum
805 1514 847 1578 de
864 1513 998 1598 Oalphy
1022 1517 1121 1578 erant
1144 1513 1221 1578 loca
1244 1514 1393 1598 spetiosa

217 1609 252 1670 et
287 1602 510 1668 delectabilia
547 1602 637 1666 sicut
675 1603 864 1685 paradisus.
922 1601 969 1665 llt
1006 1603 1168 1666 transivit
1205 1603 1393 1687 imperator

216 1693 345 1757 flumen
368 1711 448 1755 cum
470 1691 589 1775 paucis
613 1692 658 1755 ad
680 1689 743 1778 illa
757 1691 921 1754 viridaria
937 1711 1041 1755 causa
1056 1692 1268 1755 comedendi.
1308 1691 1393 1756 Erat

217 1782 309 1846 enim
332 1779 426 1844 calor
449 1779 626 1843 maximus.
673 1777 719 1842 Et
742 1782 820 1863 post
843 1780 1046 1863 prandium⁰
1068 1778 1164 1856 dixit,
1189 1781 1281 1862 quod
1303 1779 1392 1844 volc-

216 1870 278 1934 bat
294 1889 329 1934 se
345 1867 518 1933 balneare.
554 1867 601 1930 Et
618 1868 798 1932 descendit
820 1868 1008 1952 imperator
1022 1861 1081 1930 in‘l
1100 1889 1225 1953 aquam
1240 1868 1392 1932 fluminis

217 1979 295 2023 cum
319 1957 453 2022 duobus
476 1956 645 2020 militibus
670 1960 705 2021 et
729 1957 821 2040 cepit
843 1959 975 2021 natare.
1021 1956 1157 2020 Natura
1187 1959 1303 2022 autem
1332 1957 1392 2020 flu·

215 2047 318 2112 minis
346 2045 448 2110 talis⁰
480 2049 564 2122 erat,
595 2046 688 2128 quod
717 2045 833 2110 subito
864 2046 1039 2110 crescebat
1069 2047 1141 2109 sine
1171 2045 1299 2130 pluvia.
1346 2045 1392 2110 Et

216 2137 265 2200 sic
288 2135 408 2200 statim
424 2135 520 2198 venit
543 2153 646 2218 super
668 2134 911 2218 imperatorem
926 2134 1075 2198 maxima
1097 2135 1280 2198 inundatio
1304 2154 1391 2218 aque

216 2224 382 2300 fluminis,
417 2223 455 2286 in
488 2225 628 2286 tantum
662 2223 755 2304 quod
788 2223 933 2306 proiecit
968 2243 1047 2287 eum
1079 2216 1229 2305 absquef
1261 2224 1391 2287 virtute

216 2312 362 2376 natandi
385 2311 445 2374 inss
461 2309 613 2374 fundum
628 2311 692 2375 sub
708 2331 807 2393 aqua.
847 2311 892 2374 Et
914 2311 1030 2374 iaetus
1054 2316 1106 2375 est
1128 2315 1224 2375 totus
1242 2307 1388 2396 plenusd

216 2393 341 2484 aqual.
388 2399 541 2464 Ourrunt
570 2399 699 2464 milites
723 2403 758 2463 et
780 2393 943 2463 trahunti
975 2419 1054 2464 eum
1077 2402 1174 2464 extra
1197 2419 1320 2482 aquam
1343 2419 1391 2466 se-

215 2491 391 2554 mivivum.
437 2488 592 2552 Veniunt
625 2488 765 2566 medici,
801 2488 936 2551 faciunt
971 2489 1205 2572 experimenta
1239 2509 1314 2567 sua,
1349 2493 1391 2554 ut

217 2570 445 2654 evacuetur¹¹;
480 2597 552 2641 non
585 2580 701 2661 potest
735 2597 825 2660 aqua
859 2577 950 2642 exire
980 2578 1070 2641 sicut
1100 2577 1214 2642 debet.
1266 2577 1313 2642 Et
1342 2579 1391 2643 sic

109 2714 113 2722 .
217 2667 307 2730 circa
333 2685 492 2749 vesperas
522 2669 662 2789 propter
692 2686 817 2748 aquam
846 2665 1007 2744 multam,
1039 2687 1142 2749 quam
1172 2667 1324 2732 habebat
1353 2668 1391 2731 in

217 2774 367 2840 corpore,
391 2753 581 2818 suffocatus
622 2757 675 2818 est
698 2757 735 2818 et
757 2755 912 2817 moritur.
959 2754 1017 2818 Fit
1039 2755 1200 2838 planctus
1222 2757 1391 2820 maximus

216 2845 253 2908 in
275 2843 436 2908 universo
460 2843 622 2906 exercitu.
668 2841 832 2906 Portatur
855 2863 977 2926 corpus
1001 2843 1074 2906 eius
1097 2844 1135 2906 in
1151 2844 1327 2908 civitatem
1348 2845 1390 2908 de

216 2932 425 3016 Phalephym
448 2931 539 3014 regis
558 2931 743 3007 Arminie²‚
769 2934 804 2994 et
827 2930 877 2994 ibi
900 2932 1151 2995 condideruntn
1177 2932 1276 3009 illud,
1301 2933 1391 2996 sicut

216 3026 313 3084 mcx⁰
334 3025 397 3097 est,
422 3041 501 3084 cum
525 3019 746 3083 aromatibus.
793 3019 874 3083 Dux
897 3023 1014 3083 autem
1030 3019 1163 3097 Suavis,
1189 3021 1281 3085 filius
1305 3021 1388 3098 eius,

216 3130 295 3173 cum
324 3109 474 3172 maxima
503 3108 647 3172 tristitia
677 3112 712 3172 et
744 3108 861 3172 dolore
891 3109 1031 3172 strinxit
1059 3111 1248 3182 exercitum
1275 3113 1390 3174 totum

217 3197 329 3261 simul.
375 3196 422 3260 ldt
444 3216 579 3262 eramus
602 3197 639 3260 in
661 3197 785 3262 timore
808 3197 956 3262 maximo
986 3201 1127 3282 propter
1149 3198 1322 3275 barbaros,
1353 3199 1390 3262 in

216 3285 340 3368 quibus
363 3306 508 3362 eramus,
533 3291 593 3350 aep
621 3285 650 3349 si
671 3285 880 3370 fugissemus
905 3287 947 3350 de
963 3286 1082 3370 prelio.
1129 3287 1197 3351 Sed
1220 3287 1390 3371 sapientia

216 3375 312 3439 ducis
337 3375 374 3438 in
396 3375 543 3439 navibus
566 3378 602 3438 et
625 3374 733 3457 galeis
755 3375 912 3438 traduxit
935 3375 1124 3438 exercitum
1145 3379 1261 3440 totum
1285 3376 1389 3440 cicius

215 3483 276 3547 per
299 3483 393 3528 mare
401 3462 422 3525 ⁸.
468 3462 515 3526 Et
539 3483 618 3527 eum
640 3483 751 3547 pauca
773 3463 941 3546 peccunia
963 3483 1080 3527 sumus
1108 3465 1153 3528 ad
1180 3465 1318 3548 propria
1340 3483 1389 3527 re-

214 3553 313 3628 versi,
338 3555 374 3616 et
397 3571 515 3616 omnes
531 3571 612 3636 opes
628 3552 827 3615 divisimusul
854 3554 910 3616 etl
937 3551 1042 3616 aliam
1064 3553 1210 3637 spoliam
1224 3556 1389 3618 nestram.

215 3795 238 3843 a)
251 3794 377 3844 peciffieiee
390 3795 410 3834 Β
420 3797 438 3838 1.
447 3796 467 3838 2.
527 3795 552 3846 b)
565 3795 658 3836 hesimus
672 3795 811 3846 (habeamus)
824 3797 845 3836 Β
854 3798 873 3840 1.
882 3797 903 3840 2.
969 3799 991 3845 c)
1004 3795 1108 3848 predium
1122 3798 1142 3837 Β
1150 3798 1170 3841 2.
1233 3795 1257 3846 d)
1270 3797 1327 3837 deest
1340 3799 1360 3838 Β
1369 3799 1389 3841 2.

216 3850 237 3895 e)
251 3849 307 3887 deest
321 3849 341 3887 Β
350 3851 370 3892 1.
379 3849 398 3892 2.
456 3848 517 3898 nab
526 3847 539 3901 ΙΙ
555 3849 575 3888 Β
585 3849 605 3891 2.
657 3852 680 3898 g)
694 3854 720 3889 ut
732 3850 759 3892 Α,
813 3851 837 3898 h)
851 3859 910 3898 sque
924 3851 944 3889 Β
953 3852 972 3894 1.
982 3852 1001 3894 2.
1059 3851 1076 3899 i)
1090 3851 1175 3901 inurit,
1192 3861 1208 3889 ιι
1221 3856 1326 3900 muncia
1340 3852 1361 3890 B
1369 3853 1388 3895 2.

215 3901 239 3948 ir)
254 3901 387 3942 sustinetur
400 3902 420 3940 Β
429 3901 450 3944 2.
503 3902 519 3949 l)
533 3903 663 3942 subfocatus
677 3903 697 3942 Β
707 3904 730 3954 1;
746 3903 883 3943 subffccatm
897 3905 917 3944 Β
926 3904 946 3948 2.
993 3903 1024 3956 m)
1038 3903 1157 3955 phiiyaphi
1171 3905 1197 3946 A
1246 3906 1270 3952 n)
1283 3905 1314 3944 ate
1327 3905 1390 3948 codd.

212 3965 257 4002 pro
271 3953 428 3996 condiverant.
495 3957 517 4004 c)
531 3957 546 3998 i.
560 3965 577 3998 e.
591 3967 645 3998 mos.
717 3959 740 4006 p)
754 3956 797 3996 hac
811 3957 831 3996 Β
841 3959 859 4000 1,
869 3957 889 3999 2.
961 3959 984 4006 q)
998 3955 1127 3998 diuissimus
1142 3957 1173 4007 Ας
1195 3955 1320 3998 dimisimus
1333 3958 1387 4009 1313

216 4005 352 4049 dimissimus
366 4009 386 4048 Β
395 4008 415 4052 2.
469 4009 489 4056 r)
503 4006 533 4048 ad
546 4009 567 4048 Β
576 4008 596 4052 Β.
931 4038 932 4042 ,

217 4201 243 4263 1)
267 4201 377 4255 Iacobus
401 4219 495 4255 nomen
518 4205 640 4271 corrupit
665 4205 751 4270 laycae
775 4201 885 4272 ialephy
905 4219 960 4272 pro
981 4203 1091 4272 salephy
1113 4205 1268 4272 (Seleucia).
1304 4205 1386 4272 Haec,

216 4288 282 4340 quac
301 4273 381 4326 Gesta
398 4289 452 4326 non
470 4274 574 4341 hahent
594 4277 689 4343 cpia‘me
706 4277 861 4327 coamicnt
878 4291 936 4328 cum
957 4276 1106 4341 Tapcnenic
1123 4278 1266 4330 relatione:
1285 4277 1387 4331 exerci-

214 4346 267 4409 tus,
293 4342 341 4410 qui
364 4348 541 4412 precesserat,
567 4361 600 4397 ea
624 4344 669 4398 die
688 4387 695 4402 .
715 4387 722 4400 .
742 4387 749 4400 .
771 4345 800 4398 in
819 4345 921 4414 eampis
939 4344 1080 4400 Seleuciae
1106 4351 1312 4401 castrametatus
1337 4352 1387 4404 est.

215 4415 243 4479 2)
266 4413 323 4466 Hoc
347 4417 489 4481 confirmi
511 4417 609 4468 aaron.
634 4417 735 4469 Montis
757 4417 862 4485 Sereni,
889 4418 936 4472 SS.
961 4416 1077 4486 XXIII,
1101 4437 1130 4486 p.
1144 4421 1204 4474 162.
1295 4419 1322 4487 3)
1345 4420 1386 4485 Gt.

226 4485 260 4538 N.
279 4484 390 4537 Archiv'
407 4486 502 4553 XVII,
519 4505 548 4554 p.
560 4487 622 4543 509.

1157 4597 1174 4650 7
