3324 5146
297 532 351 588 EX
369 531 501 588 IAGOBI
519 531 709 602 AQUENSIS
728 532 896 589 eRONIOA
916 533 1109 590 YMAGINIS
1128 535 1263 593 MUNDI.
1336 540 1370 592 83

195 711 291 768 POST
308 709 446 766 MULTA
463 709 757 852 ΙΜΡΕΒΜΕΙΞἙΡ
753 710 867 765 CAPIT
884 711 1115 767 IMPERATOR
1132 711 1371 768 resonamus

622 798 647 854 P
758 799 901 854 Passus
911 809 940 856 ⁸.
1164 791 1175 806 ’

301 893 510 978 Postquam¹
526 897 643 958 autem
657 894 878 959 transivimus
895 895 1004 979 prima
1020 895 1256 979 inpedimenta
1268 915 1370 979 supra
1382 913 1458 966 1189.

195 983 316 1067 posita,
333 984 489 1048 venimus
506 984 550 1047 ad
567 982 744 1047 civitatem
767 984 941 1064 quandam
957 981 1088 1060 Greoie,
1113 1003 1178 1066 que
1203 983 1296 1048 dicta
1318 988 1370 1048 est
1379 1009 1446 1058 (aa,
1454 1009 1498 1058 a).

195 1065 420 1156 Phylipopeb,
452 1092 555 1154 quam
584 1071 670 1136 feeit
700 1072 810 1156 primo
840 1092 901 1136 rex
930 1071 1146 1156 Philippum,
1177 1076 1213 1137 et
1243 1072 1370 1136 dieitur

195 1162 297 1224 modo
317 1155 522 1244 Philippis‘1‚
547 1161 585 1223 in
608 1179 705 1224 saera
727 1164 844 1224 autem
867 1161 1014 1244 pagina⁰
1035 1160 1285 1244 Philippenses.
1324 1161 1370 1224 Et

194 1248 293 1313 illam
309 1250 538 1373 expugnando
555 1249 706 1332 sepimus
722 1248 902 1324 violenter,
927 1269 992 1331 que
1012 1253 1087 1313 erat
1109 1252 1185 1313 tota
1201 1249 1370 1313 ditissima

195 1358 278 1401 auro
309 1341 344 1402 et
393 1340 537 1420 argento
561 1341 597 1401 et
618 1337 772 1402 restibus
802 1338 974 1421 preciosis.
1021 1337 1067 1401 Et
1097 1357 1214 1402 omnes
1246 1339 1287 1401 de
1318 1357 1369 1402 ex·

195 1427 305 1490 eroitu
326 1426 498 1491 hederioi
522 1429 604 1490 sunt
628 1426 771 1491 ditatiss.
817 1425 863 1489 Et
886 1426 936 1490 ibi
959 1446 1076 1490 sumus
1099 1427 1136 1488 in
1158 1426 1286 1509 gaudio
1310 1446 1369 1510 per

194 1518 264 1578 tres
277 1515 440 1579 mensesl.
473 1515 584 1578 Audit
599 1515 786 1598 imperator
799 1507 1239 1598 Constantinopolitanae,
1253 1508 1361 1597 quodi

194 1607 247 1667 est
270 1607 372 1688 capta
387 1603 637 1688 Philippenses
662 1603 809 1667 dimittit
825 1603 1086 1681 ambassiatores
1111 1623 1196 1687 quos
1213 1602 1367 1679 tenebat,

194 1692 366 1775 predictos
390 1693 433 1756 de
456 1692 582 1756 nostris
606 1696 641 1756 et
663 1692 863 1776 imperatori
887 1691 1068 1756 Frederico
1099 1691 1218 1756 scribit
1241 1691 1368 1755 blande

195 1780 327 1844 dicens:
358 1781 514 1844 ‘Mandat
536 1781 603 1845 tibi
626 1781 813 1865 imperator
837 1780 1264 1864 Constantinopolitanus³
1288 1779 1368 1844 Our-

194 1863 319 1932 saousk
352 1869 440 1934 bene
469 1870 585 1934 valere
616 1870 659 1933 ad
690 1870 868 1934 servitium
899 1869 1021 1932 tuum'.
1068 1869 1114 1932 Pa
1148 1870 1214 1932 hoo
1249 1869 1367 1932 scribit

193 1957 445 2023 fraudulenter.
492 1957 607 2022 Etiam
631 1957 794 2022 soldanus
819 1958 1086 2022 sarracenorum
1108 1957 1202 2020 misit
1226 1957 1366 2040 impera·

193 2046 262 2124 tori
278 2047 460 2112 Frederioo
481 2047 617 2111 litteras
641 2050 677 2111 et
700 2047 841 2112 nuntios
859 2067 936 2111 oum
952 2047 1074 2122 salute,
1100 2046 1159 2128 qui
1175 2065 1253 2110 eum
1270 2046 1367 2109 duoe-

193 2138 272 2198 rent
296 2139 331 2199 et
355 2136 544 2218 dirigerent
567 2155 627 2219 per
649 2135 785 2200 itinera.
832 2135 878 2199 Et
901 2129 984 2199 hool
1007 2134 1112 2198 etiam
1127 2133 1368 2198 fraudulenter

192 2223 291 2286 facit.
326 2223 432 2286 Venit
455 2227 574 2287 autem
596 2228 675 2307 post
698 2224 869 2287 decimum
892 2224 984 2288 diem
1006 2223 1194 2307 imperator
1217 2223 1493 2298 &ederi-(rossa).

194 2332 254 2375 ous
271 2311 468 2394 Ardenople
476 2317 510 2388 ¹¹¹,
534 2331 601 2394 que
624 2315 678 2376 est
700 2311 792 2376 bona
808 2313 927 2376 civitas
945 2311 1076 2387 Greeie,
1103 2315 1138 2375 et
1161 2310 1258 2374 illam
1282 2311 1367 2394 oepi-

192 2399 301 2464 musl.
348 2400 394 2462 Et
423 2401 506 2464 dum
536 2420 686 2464 essemus
716 2401 752 2463 in
780 2400 1018 2485 Ardenoplem‚
1047 2400 1144 2465 venit
1174 2419 1276 2483 super
1304 2419 1366 2463 nos

193 2489 362 2552 maximus
392 2489 559 2553 exereitus
583 2489 798 2554 Turohorum
821 2492 857 2553 et
881 2487 1069 2554 Greoorum
1099 2509 1161 2574 per
1189 2491 1493 2564 montanamoaa).

195 2577 323 2641 Contra
338 2597 422 2661 quos
438 2577 606 2661 preliatur
622 2579 692 2641 dux
708 2578 833 2642 Suavis
850 2581 886 2641 et
900 2577 1037 2660 fugavit
1052 2597 1179 2654 omnes,
1205 2581 1240 2642 et
1261 2577 1365 2642 etiam

191 3689 214 3735 a)
227 3686 372 3736 phylipenses
386 3687 427 3725 131
442 3686 487 3728 lul.
502 3689 521 3724 et
535 3686 598 3733 infra
611 3685 688 3728 1111.
737 3684 760 3732 b)
774 3684 903 3734 phyloppes
917 3687 944 3727 Α.
991 3687 1011 3732 1)
1026 3685 1132 3735 phylipus
1147 3685 1223 3727 Bne.
1272 3682 1294 3732 d)
1308 3686 1364 3735 phy-

191 3739 310 3789 liplsBl;
333 3737 611 3782 otd.m.1>h.0m.132.
693 3741 714 3786 a)
728 3735 757 3777 ad
776 3739 828 3780 add.
841 3739 872 3788 1¹3
894 3739 1002 3778 scribitur
1020 3739 1071 3780 add.
1086 3738 1134 3781 132.
1214 3739 1363 3785 odeatBl.

190 3795 213 3842 g)
227 3790 308 3832 dictati
321 3792 398 3834 Bkt.
453 3793 476 3839 h)
490 3793 609 3841 osutinop.
623 3792 671 3834 Bl.
729 3791 746 3838 l)
760 3790 879 3831 b‘eiultu
894 3792 953 3840 aad„
967 3792 1004 3830 sed
1018 3792 1059 3834 olel.
1073 3791 1100 3834 Δ.
1160 3790 1185 3838 k)
1199 3791 1323 3830 ererentlus
1337 3792 1364 3833 A.

191 3846 208 3897 l)
222 3847 237 3884 n
251 3846 299 3888 132.
354 3847 384 3893 m)
398 3843 537 3894 ardenopple
550 3846 577 3886 Δ.

191 4005 218 4071 1)
242 4006 284 4057 ΑΙ)
308 4005 356 4057 hoe
380 4005 464 4072 eapite
489 4003 600 4055 Iacobus
624 4003 702 4055 verba
726 4003 915 4055 Historiarum
933 4004 1014 4056 Fral.
1037 4003 1193 4070 parumque
1217 4004 1365 4055 reddidisse

190 4077 302 4131 ridetur.
374 4076 403 4141 2)
419 4075 462 4126 Ab
479 4075 550 4140 Aua.
569 4076 713 4141 1111111
730 4074 767 4125 ad
785 4075 850 4128 Noe.
863 4075 888 4128 5.
907 4075 1055 4142 imperator
1073 4074 1259 4142 Philippopoli
1274 4090 1363 4126 mora-

190 4154 234 4198 tus
245 4153 291 4214 est,
310 4162 364 4199 aon
373 4146 462 4214 plenis
475 4147 507 4200 ll
521 4147 691 4212 septimania·
709 4160 818 4212 quaeum
834 4151 968 4196 auctorem
980 4145 1062 4196 baius
1073 4145 1215 4197 relationis
1226 4146 1363 4197 Adriano-

187 4219 273 4286 polr'm
295 4219 444 4285 profectam
469 4233 521 4269 esse
545 4217 624 4280 infra
649 4222 771 4284 apparet.
879 4216 907 4281 3)
924 4216 958 4266 Ia
976 4215 1049 4268 Hiet.
1068 4215 1148 4269 Fred.
1171 4217 1364 4284 proculdubio

190 4287 332 4342 Romanus
343 4290 473 4357 scriptam
485 4294 551 4354 erat,
563 4303 678 4355 proquo
687 4302 830 4355 perperam
842 4287 872 4336 in
883 4286 952 4339 Gest.
963 4287 1026 4340 Fed.
1039 4283 1165 4340 Romane
1177 4289 1306 4354 scriptam
1318 4295 1362 4340 est.

190 4360 338 4412 rimbertus
355 4361 425 4411 enim
443 4361 527 4424 refert
541 4360 679 4427 principes
696 4358 809 4422 effossos
820 4358 913 4423 saissa
933 4359 1003 4424 qaod
1015 4358 1094 4410 Isaac
1112 4361 1142 4410 ia
1155 4360 1252 4410 litteris
1269 4373 1295 4410 se
1312 4359 1363 4408 im·

187 4437 337 4499 peratorem
356 4430 539 4482 Rornanorum
563 4431 747 4498 appellaverit.
836 4428 865 4495 4)
881 4428 957 4481 Reate
975 4430 1005 4481 in
1026 4429 1096 4483 Gest.
1114 4431 1177 4482 red.
1202 4430 1301 4480 dietum
1325 4435 1363 4480 est

189 4503 320 4554 aritaum
337 4502 372 4553 ab
390 4502 484 4553 ineolis
501 4501 621 4553 relatam
639 4517 699 4555 esse.

1115 4604 1147 4661 6*
