3324 5146
301 516 336 568 52
408 510 533 566 GnsrA
551 509 732 565 FEDERIOI
748 509 772 566 1.
791 508 1057 564 IMPERATORIS
1074 508 1117 563 IN
1135 508 1375 568 LOMBARDIA.

214 711 290 764 1162.
301 698 379 778 post
394 693 522 758 multas
539 693 787 768 contentiones,
812 692 931 756 multis
948 695 983 755 et
999 691 1213 757 minantibus
1230 695 1311 758 dare
1327 699 1472 760 mortem

302 783 499 846 consulibus
530 785 566 846 et
596 781 686 857 aliis,
720 781 779 905 qui
808 801 844 844 se
873 781 1017 845 reddere
1047 780 1248 860 nolebant²,
1280 787 1315 847 ct
1346 805 1473 849 asseve-

300 871 457 935 rantibus
480 871 722 954 imperatorem
770 870 946 933 civitatem
974 870 1011 932 in
1035 891 1095 933 suo
1120 874 1215 934 statu
1238 872 1414 937 dimittere
1438 877 1474 937 et

301 959 528 1044 possessiones
557 958 715 1021 omnibus
745 957 875 1021 civibus
897 958 1092 1040 relinquere
1114 959 1204 1025 velle
1228 994 1272 1002 -
1296 965 1332 1024 et
1354 981 1473 1025 verum

301 1053 362 1126 est,
394 1049 486 1130 quod
513 1049 604 1110 hanc
628 1047 842 1110 concordiam
867 1047 982 1110 facere
1006 1050 1168 1130 poterant
1192 1081 1244 1125 -,
1275 1053 1315 1112 ut
1339 1069 1374 1114 se
1398 1049 1472 1114 Deo

301 1141 337 1202 et
366 1135 564 1220 imperatori
597 1135 797 1211 redderent,
833 1135 1102 1199 misericordiam
1138 1136 1180 1199 ab
1214 1156 1254 1202 eo
1285 1143 1471 1221 sperantes,

301 1245 404 1308 quarn
419 1243 537 1288 omnes
560 1223 730 1307 principes
753 1224 897 1288 firmiter
919 1224 1170 1306 promittebant
1172 1272 1446 1288 .........
1454 1231 1467 1263 ⁰

175 1314 539 1383 (nannilteddiderunt
563 1333 598 1376 se
623 1317 658 1375 et
681 1312 858 1375 civitatem
881 1312 918 1374 in
942 1313 1081 1376 civitate
1106 1309 1258 1378 Lauded.
1305 1315 1351 1378 Et
1380 1316 1473 1379 infra

576 1467 791 1531 Oodcynelli
811 1467 979 1519 Libellus
1002 1469 1197 1523 tristitiae.

300 1561 471 1625 mittendo
502 1560 533 1623 ei
564 1561 645 1623 dare
676 1560 853 1623 civitatem
876 1559 1066 1624 Mediolani
1096 1561 1169 1626 sine
1200 1561 1317 1644 aliqua
1340 1567 1471 1626 contra-

301 1651 452 1714 dictione
483 1668 562 1712 cum
591 1648 748 1712 omnibus
783 1648 980 1712 hominibus
1011 1652 1047 1713 et
1076 1649 1178 1713 rebus
1209 1671 1274 1732 que
1306 1654 1405 1715 erant
1434 1652 1472 1714 in

301 1739 456 1815 civitate,
487 1738 581 1800 unde
611 1737 797 1820 imperator
825 1737 962 1819 gavisus
990 1738 1060 1800 fuit
1082 1739 1209 1820 gaudio
1232 1759 1368 1822 magno,
1399 1760 1471 1822 pro·

299 1828 470 1891 mittendo
486 1829 522 1890 et
537 1829 678 1910 pactum
694 1846 772 1889 cum
788 1845 828 1889 eo
844 1825 1004 1889 iaciendo
1021 1827 1126 1889 dandi
1151 1828 1182 1890 ei
1206 1827 1291 1904 loca,
1317 1828 1470 1904 castella,

300 1916 399 1979 villas
423 1919 459 1978 et
482 1915 683 1998 peccuniam
705 1915 888 1976 infinitam.
937 1913 1012 1992 Quo
1035 1915 1130 1978 tacto
1153 1916 1352 1999 imperatori
1373 1917 1469 1990 dixit,

299 2005 391 2087 quod
414 2025 484 2066 non
507 2002 683 2066 habebant
705 2001 872 2065 victualia
893 2005 1062 2084 usquead
1080 2004 1198 2068 decem
1214 2005 1296 2080 dies,
1321 2008 1357 2069 et
1380 2006 1472 2087 quod

298 2113 369 2155 non
400 2091 584 2167 durabunt,
617 2091 708 2173 quod
738 2111 808 2153 non
837 2092 987 2154 reddant
1015 2111 1050 2155 se
1079 2091 1195 2155 saltim
1219 2094 1263 2156 ad
1285 2094 1466 2157 undecim⁰

300 2181 388 2256 dies;
414 2183 449 2244 et
472 2179 672 2262 imperatori
695 2180 845 2262 porrexit
861 2179 1029 2256 libellum,
1054 2181 1090 2242 in
1107 2201 1174 2263 quo
1190 2175 1377 2264 scriptumf
1397 2185 1471 2245 erat

300 2270 415 2333 omnia
437 2267 603 2331 victualia
626 2271 661 2332 et
684 2268 824 2330 nomina
848 2268 983 2331 civium.
1030 2268 1230 2333 Affectabat
1254 2271 1346 2334 enim
1369 2290 1472 2354 super

300 2358 376 2422 aliis
405 2358 507 2422 rebus
538 2357 714 2420 civitatem
737 2357 926 2420 Mediolani
956 2377 977 2420 a
1006 2351 1113 2420 soliof
1148 2359 1324 2422 destruere
1353 2362 1388 2422 et
1417 2360 1470 2422 de·

299 2447 404 2510 leret.
451 2445 598 2509 Interim
621 2445 799 2508 venientes
830 2449 910 2509 ante
939 2466 1036 2509 suam
1059 2447 1268 2529 presentiam
1292 2467 1403 2511 comes
1428 2448 1470 2511 de

300 2535 471 2598 Blandate
496 2537 531 2598 et
554 2533 646 2609 socii,
679 2533 832 2597 dicentes
856 2554 975 2617 pacem
1000 2537 1035 2598 et
1058 2535 1275 2599 concordiam
1303 2539 1472 2599 statutam

299 2623 471 2686 adfinem
493 2622 680 2705 perducere
698 2621 797 2698 velle,
822 2623 1009 2705 imperator
1032 2624 1119 2686 dixit
1143 2624 1200 2701 eis,
1225 2627 1265 2686 ut
1290 2625 1358 2688 cito
1381 2644 1469 2688 rece-

299 2713 380 2775 dere
410 2710 592 2786 deberent;
628 2714 664 2773 et
693 2711 722 2773 si
751 2731 883 2773 moram
912 2711 1064 2793 aliquam
1093 2712 1142 2775 ibi
1171 2712 1342 2790 facerent,
1378 2714 1470 2795 quod

298 2800 430 2864 faceret
458 2819 515 2864 eos
545 2799 718 2882 suspendi.
766 2798 844 2862 ‘Sed
867 2800 896 2862 si
919 2800 1042 2863 volunt
1065 2793 1122 2864 seh
1148 2802 1292 2864 reddere
1315 2802 1388 2864 sine
1412 2800 1471 2864 ali·

299 2909 367 2971 qua
390 2888 587 2952 conditione
610 2889 645 2949 in
662 2907 740 2950 mea
754 2888 893 2964 virtute,
917 2889 1081 2971 recipiam
1098 2889 1175 2952 eos'.
1211 2889 1313 2954 Unde
1330 2890 1471 2953 comites

300 2981 336 3041 et
365 2977 580 3040 marchiones
611 2979 646 3039 et
677 2969 814 3039 baronii
853 2980 888 3039 et
919 2977 1166 3061 archiepiscopi
1195 2981 1231 3042 et
1255 2979 1405 3062 episcopi
1435 2981 1472 3041 et

299 3065 443 3130 abbates
461 3066 631 3128 dederunt
647 3063 848 3128 conscilium
873 3065 930 3140 eis,
955 3069 996 3128 ut
1020 3065 1187 3130 deberent
1209 3086 1245 3129 se
1268 3067 1411 3130 reddere
1434 3066 1471 3128 in

299 3157 472 3237 potestate
495 3153 720 3234 imperatoris,
745 3153 995 3235 promittentes,
1020 3155 1112 3236 quod
1135 3154 1233 3218 nullo
1248 3156 1350 3218 modo
1374 3155 1471 3218 susti-

299 3244 422 3305 nerent
445 3242 687 3324 imperatorem
710 3241 887 3304 civitatem
906 3243 1082 3306 destruere
1105 3263 1170 3306 nec
1193 3243 1333 3325 aliquod
1357 3244 1472 3326 damp-

299 3352 384 3393 num
412 3350 472 3394 seu
499 3349 683 3412 gravamen
707 3330 838 3392 civibus
861 3330 898 3391 in
921 3330 1023 3394 rebus
1047 3333 1082 3394 et
1105 3331 1258 3414 personis
1283 3351 1401 3394 eorum
1424 3332 1471 3393 in-

300 3418 400 3495 ferre,
429 3422 465 3482 et
487 3423 528 3481 ut
555 3429 769 3483 misericordiam
796 3430 830 3483 ab
856 3429 1078 3500 imperatore
1105 3434 1363 3500 expectarent,
1389 3447 1472 3498 quam

301 3535 395 3571 omnes
412 3518 550 3586 principes
573 3519 624 3571 eis
643 3518 880 3586 promiserunt3
906 3507 966 3571 sed
989 3507 1077 3570 falso
1102 3507 1294 3571 consciliati
1317 3507 1471 3572 fuerunt.

300 3595 441 3658 Reversi
464 3598 545 3658 sunt
563 3615 711 3677 namque
727 3595 874 3678 predicti
897 3595 1116 3678 inquisitores
1133 3597 1226 3678 pacis
1242 3596 1279 3658 in
1296 3596 1472 3660 civitatem

301 3683 467 3759 dolentes,
492 3687 668 3764 gementes
685 3687 720 3747 et
736 3683 867 3759 flentes,
890 3684 1005 3746 omnia
1020 3705 1081 3767 per
1097 3685 1252 3748 ordinem
1267 3685 1471 3767 aperientes.

301 3771 430 3836 Verum
446 3773 526 3854 quia
541 3772 706 3835 victualia
729 3772 778 3835 eis
802 3772 1017 3847 deficiebant,
1043 3776 1078 3836 et
1095 3773 1241 3857 amplius
1256 3773 1354 3836 nullo
1370 3774 1471 3836 modo

302 3860 444 3924 sufferre
467 3863 637 3944 poterant,
667 3860 788 3923 habito
812 3861 974 3924 conscilio
999 3865 1034 3924 et
1057 3882 1160 3925 suasu
1183 3862 1377 3946 principum
1399 3865 1473 3924 tarn

303 3949 504 4012 clericorum
527 3969 630 4032 quam
653 3948 828 4032 laycorum
852 3949 944 4013 curie
965 3949 1190 4032 imperatoris,
1215 3953 1413 4014 statuerunt
1437 3953 1474 4013 et

303 4041 553 4120 proposuerunt
584 4038 728 4101 reddere
759 4057 795 4100 se
826 4040 861 4100 et
891 4037 1067 4102 civitatem
1102 4040 1227 4102 domno
1262 4039 1471 4122 imperatori,

303 4129 479 4207 sperantes
510 4129 545 4189 et
575 4126 719 4190 firmiter
749 4125 929 4190 credentes
959 4127 1228 4190 misericordiam
1257 4127 1300 4190 ab
1329 4147 1369 4190 eo
1397 4126 1473 4190 fore

303 4217 556 4277 consecuturos.

303 4387 325 4432 a)
339 4385 445 4424 volebant
459 4385 487 4433 A,
506 4395 564 4428 corr.
578 4385 659 4428 aaran
720 4388 743 4436 b)
757 4388 892 4436 imperatore
907 4389 933 4430 A.
994 4389 1015 4435 c)
1028 4388 1106 4425 iterum
1120 4388 1226 4436 quaedem
1240 4387 1343 4426 ariana
1353 4390 1422 4437 patet,
1437 4387 1475 4425 ced

303 4439 365 4476 mella
379 4439 458 4476 lacuna
472 4439 495 4475 tn
509 4439 535 4480 A.
598 4437 621 4486 d)
635 4444 661 4478 ut
675 4440 733 4488 cdd„
752 4442 789 4478 sed
803 4441 844 4482 del.
858 4442 884 4482 A.
948 4442 969 4488 c)
984 4439 1112 4490 quindecim
1126 4441 1151 4482 P.
1214 4441 1277 4488 oete
1290 4441 1315 4483 Β,
1326 4441 1350 4483 Ρ.
1413 4441 1435 4488 g)
1451 4444 1476 4478 et

303 4488 347 4532 del.
362 4502 402 4532 om.
417 4492 444 4536 Β,
459 4492 528 4539 suppl.
543 4502 570 4530 ex
583 4491 608 4534 Ρ.
662 4493 686 4540 h)
700 4494 756 4532 aean
769 4494 796 4542 B,
811 4495 881 4542 suppl.
896 4503 923 4532 ex
936 4495 960 4535 P.
1015 4495 1031 4541 i)
1045 4495 1073 4541 cs.
1087 4505 1157 4542 aspra
1167 4505 1190 4542 p.
1200 4495 1235 4543 41,
1249 4505 1270 4537 n.
1280 4505 1300 4542 g.
