3324 5146
294 492 1004 550 sssrnrnnsffi011.1MPsRATOR18m
1021 494 1261 551 LOMBARDIA.
1333 497 1368 551 53

195 680 272 740 octo
303 677 376 741 dies
410 679 530 760 postea
562 677 730 740 miserunt
760 677 967 758 quingentos
996 676 1125 740 milites
1155 681 1191 741 et
1220 677 1367 741 totidem
1377 649 1481 764 1414464244
1489 718 1519 767 4),

194 766 328 848 pedites
359 785 438 828 cum
462 785 620 828 carocero
645 769 680 828 et
703 764 837 828 vexillis
862 767 897 828 et
921 765 997 828 aliis
1021 765 1128 847 signis
1152 767 1367 848 equestribus

194 857 250 916 eta
288 853 505 937 pedestribus
541 873 619 916 cum
652 852 747 916 tubis
782 855 826 916 ad
860 853 1103 936 imperatorem
1138 855 1182 917 ad
1210 854 1367 918 Mentem

195 940 350 1019 (lenonis,
381 945 423 1004 ut
453 961 553 1005 omne
584 942 688 1005 decus
718 945 753 1005 et
782 961 918 1005 omnem
940 943 1106 1004 honorem
1128 943 1165 1004 in
1189 962 1268 1006 eum
1292 963 1366 1006 con·

194 1031 337 1094 ferrent.
386 1023 504 1094 Icemb
534 1033 652 1094 autem
680 1029 817 1106 milites,
850 1049 1047 1093 carocerum
1071 1034 1107 1094 et
1130 1031 1245 1094 omnia
1268 1032 1367 1113 signs

193 1122 229 1182 et
252 1119 355 1182 tubas
378 1119 540 1194 retinuit;
570 1119 705 1202 pedites
728 1119 862 1182 remisit
886 1121 921 1182 et
944 1118 1072 1182 milites
1095 1120 1190 1182 misit
1212 1119 1364 1202 Papiam

195 1211 236 1271 ut
260 1206 309 1270 ibi
340 1208 607 1271 custodirentur.
654 1206 780 1270 Postea
809 1208 974 1290 precepit,
1005 1210 1045 1269 ut
1076 1207 1197 1270 civitas
1227 1228 1365 1272 evacua-

191 1298 297 1370 retur,
330 1298 365 1358 et
395 1299 473 1358 octo
504 1297 638 1358 dierum
667 1296 819 1378 spatium
847 1295 1018 1358 attribuit.
1066 1295 1221 1379 Septima
1247 1295 1365 1376 itaque

192 1384 248 1447 die
269 1384 349 1447 Kal.
366 1383 496 1466 Aprilis
520 1385 677 1448 exierunt
701 1385 744 1447 de
769 1384 909 1448 civitate
932 1404 1011 1447 cum
1033 1384 1135 1447 rebus
1159 1385 1229 1448 suis
1253 1387 1288 1448 et
1312 1385 1482 1448 densans

191 1472 431 1554 relinquerunt
455 1492 541 1536 earn.
581 1471 730 1536 Obertus
755 1472 1031 1556 archiepiscopus
1056 1472 1111 1536 die
1128 1473 1299 1536 dominico
1323 1474 1482 1538 derrasse.

192 1580 285 1638 ceco,
317 1561 393 1624 XV.
421 1560 502 1623 Kal.
531 1560 660 1644 Aprilis
694 1581 772 1624 cum
802 1561 967 1624 Millone⁰
1003 1560 1290 1644 archipresbitero
1317 1555 1462 1632 *erasa

192 1647 341 1713 Galdino
367 1649 609 1713 archidiacono
633 1652 668 1712 et
692 1643 872 1730 Alghisio‘1
900 1649 1113 1712 cimiliarcha
1137 1653 1172 1712 et
1195 1649 1272 1713 aliis
1295 1649 1365 1732 qui·

191 1737 337 1802 busdam
359 1741 572 1801 recesserant
595 1740 631 1801 et
655 1737 812 1801 abierant
832 1735 999 1814 Genuam,
1024 1738 1084 1802 ubi
1109 1741 1184 1802 erat
1207 1737 1364 1821 apostoli·

191 1846 250 1890 cus
267 1826 474 1891 Alexander.
521 1825 567 1890 Et
590 1826 665 1909 quis
686 1829 785 1902 esset,
810 1826 869 1908 qui
892 1830 1006 1909 posset
1030 1826 1188 1889 lacrimas
1203 1827 1362 1903 retinere,

191 1915 250 1996 qui
273 1916 425 1980 uiderete
456 1915 635 1998 planctum
665 1917 700 1978 et
730 1914 865 1977 luctum
895 1917 999 1996 atque
1028 1933 1196 1978 merorem
1218 1915 1365 1978 marium

191 2006 226 2066 et
249 2004 433 2068 mulierum
458 2007 493 2067 et
516 2004 663 2067 maxime
681 2003 896 2066 infirmorum
919 2007 955 2066 et
977 2003 1186 2067 feminarum
1202 2003 1245 2067 de
1260 2007 1364 2086 partu

190 2094 225 2155 et
249 2113 434 2176 puerorum
457 2093 709 2174 egredientium
733 2094 769 2156 et
792 2091 947 2174 proprios
967 2090 1055 2156 lares
1070 2091 1363 2173 relinquentium?

468 2246 683 2311 Codapnclli
704 2246 870 2298 Libellus
893 2247 1086 2300 tristitiae.

1372 2325 1416 2373 (24)

297 2340 400 2402 Anno
440 2339 610 2403 dominice
646 2339 894 2404 incarnationis
932 2338 1114 2402 MOLXII.
1159 2340 1269 2422 primo
1308 2339 1466 2422 (1194444444

189 2428 315 2491 mensis
339 2427 479 2490 Martii1
501 2439 680 2492 reddiderunt
702 2457 731 2494 se
753 2444 781 2494 et
800 2440 938 2494 civitatem
961 2440 1006 2493 im
1013 2441 1179 2508 peratori
1201 2439 1230 2492 in
1253 2439 1362 2493 civitate

188 2511 292 2566 Laude.
328 2509 366 2563 Et
383 2514 513 2578 postea
531 2528 643 2579 usque
662 2511 704 2564 ad
723 2515 785 2565 octo
804 2512 861 2565 dies
880 2512 1013 2565 miserimt
1032 2511 1064 2565 ei
1082 2512 1245 2580 quingentos
1262 2511 1362 2564 milites

189 2603 217 2652 et
239 2599 355 2652 totidem
377 2599 483 2667 pedites
512 2588 553 2650 de
581 2588 767 2652 maioribus
797 2592 832 2652 et
859 2588 1058 2652 melioribus
1082 2587 1272 2652 Mediolani
1299 2616 1362 2652 cum

187 2687 311 2740 carocio
337 2691 365 2740 et
382 2688 486 2740 vexillis
506 2691 534 2740 et
552 2688 610 2740 aliis
629 2689 712 2756 signis
737 2692 771 2743 st
793 2707 856 2742 cum
874 2689 947 2742 tubis
966 2688 1001 2740 ad
1018 2689 1213 2757 imperatorem
1231 2676 1359 2752 Laude,

187 2763 218 2810 ut
231 2775 311 2811 omne
325 2758 407 2812 decus
421 2762 448 2811 et
461 2776 571 2810 omnem
583 2759 717 2812 honorem
735 2759 953 2827 imperatori
972 2759 1136 2813 conferrent.
1167 2759 1250 2827 lpse
1269 2762 1361 2812 autem

186 2839 364 2916 tamquam
386 2835 439 2897 vir
460 2855 610 2916 nequam
633 2838 668 2898 et
691 2835 841 2918 perfidus
869 2839 904 2898 et
928 2835 1075 2898 crudelis
1103 2847 1203 2900 milites
1226 2851 1261 2900 et
1284 2863 1359 2900 caro-

188 2918 279 2970 cium
298 2922 326 2971 et
344 2918 436 2970 omnia
448 2917 525 2986 signa
544 2920 572 2970 et
589 2917 668 2970 tubas
681 2918 806 2984 retinuit3
826 2935 914 2985 quos
932 2917 1032 2970 milites
1044 2918 1118 2971 misit
1130 2917 1253 2986 Papiam,
1272 2920 1304 2969 ut
1320 2917 1359 2970 ibi

186 2994 369 3076 diligenter
392 2995 429 3056 in
452 2994 644 3058 carceribus
669 3005 879 3062 custodirentur.
915 2993 1062 3056 Nullum
1078 2993 1279 3058 conscilium
1294 3013 1358 3057 nec

185 3083 325 3165 aliquod
348 3084 509 3148 iuvamen
532 3081 730 3147 habuerunt
754 3083 797 3146 ab
822 3083 938 3165 aliquo
961 3083 1115 3167 principe
1140 3082 1233 3146 curie
1255 3083 1358 3166 impe·

184 3172 318 3234 rectoris.
365 3183 434 3236 Post
451 3183 517 3237 hoc
535 3184 666 3252 precepit,
690 3187 722 3237 ut
740 3184 834 3237 civitas
853 3201 965 3251 usque
984 3183 1025 3237 ad
1044 3187 1106 3238 octo
1125 3184 1196 3237 dies
1216 3199 1359 3237 evacuare-

184 3258 237 3309 tur.
274 3253 398 3322 Septima
416 3272 502 3308 vero
521 3255 565 3308 die
584 3257 668 3309 ante
686 3255 749 3311 Kal.
763 3254 866 3324 Aprilis
886 3255 1011 3309 exierunt
1029 3255 1064 3308 de
1081 3255 1190 3310 civitate
1203 3272 1267 3309 cum
1278 3255 1359 3308 rebus
1370 3265 1476 3308 Marsas.

184 3343 246 3411 suis,
270 3352 354 3412 quas
376 3331 418 3394 de
440 3332 580 3396 civitate
600 3333 738 3396 trahere
783 3336 958 3408 otuerrmt,
983 3347 1011 3396 et
1029 3343 1253 3410 derelinquerunt
1271 3343 1358 3396 civi-

184 3416 304 3470 tatem.
340 3413 385 3466 Et
410 3417 498 3468 tunc
524 3414 742 3483 archiepiscopus
806 3414 970 3468 ediolani
996 3417 1030 3467 et
1055 3413 1201 3468 Geldinus
1226 3413 1358 3466 archidia-

184 3501 280 3538 conus
300 3488 328 3538 et
345 3484 499 3554 Alghisius
519 3485 699 3539 *cimiliarcha
722 3489 749 3538 et
771 3486 877 3538 multi
900 3486 946 3538 alii
969 3485 1100 3538 clerici
1123 3485 1157 3538 de
1176 3484 1286 3538 civitate
1303 3484 1358 3538 ive·
1369 3493 1456 3543 *aare

183 3559 247 3607 rant
263 3554 388 3622 Ianum,
414 3556 462 3609 ubi
488 3561 546 3608 erat
570 3557 732 3624 apostolicus
751 3556 917 3612 Alexander.
954 3555 992 3608 llt
1016 3557 1076 3623 quis
1102 3559 1170 3623 est,
1196 3555 1244 3623 qui
1267 3558 1360 3624 posset

184 3627 309 3679 lacrimas
332 3627 459 3694 retinere,
484 3628 531 3694 qui
548 3627 654 3680 videret
671 3629 813 3696 planctum
832 3631 860 3680 et
877 3629 982 3681 luctum
1001 3632 1030 3680 et
1047 3644 1183 3680 merorem
1201 3644 1358 3695 puerorum,

183 3697 345 3750 virorum
365 3702 393 3751 et
410 3699 556 3751 mulierum
575 3702 603 3751 et
621 3699 739 3752 maxime
752 3697 924 3751 infirmorum
943 3703 971 3752 et
988 3698 1152 3751 feminarum
1171 3697 1205 3752 de
1217 3702 1299 3767 partu
1317 3698 1358 3752 de

185 3785 339 3839 civitate
363 3786 562 3856 egredientium
585 3791 613 3840 st
634 3787 759 3855 proprios
781 3788 851 3840 lares
869 3785 1124 3854 relinquentiumf?
1160 3775 1241 3837 Fuit
1266 3775 1358 3838 enim

185 3863 258 3926 dies
274 3862 337 3926 illa
352 3863 425 3926 dies
442 3863 649 3927 calamitatis
674 3867 709 3928 et
731 3864 877 3940 miserie,
903 3864 975 3928 dies
990 3863 1133 3926 tristitie
1150 3867 1186 3926 et
1201 3863 1355 3939 meroris;

184 3951 256 4014 dies
280 3950 343 4015 illa
359 3952 508 4015 contulit
531 3953 698 4033 gaudium
721 3955 756 4016 et
779 3952 930 4016 letitiam
952 3952 1160 4035 imperatori,
1186 3951 1357 4034 Papiensi·

184 4039 257 4116 bus,
289 4039 568 4117 Novariensibus,
600 4039 837 4104 Laudensibus
868 4044 903 4104 et
935 4039 1142 4116 Oumaxinis,
1175 4038 1357 4125 Sepriensi·

183 4213 205 4258 a)
219 4211 314 4254 (ἱερεῖά,
368 4211 391 4263 1))
406 4213 530 4254 conferent.
551 4213 609 4252 Item
622 4212 654 4261 „43
674 4223 730 4254 corr.
745 4212 826 4254 Murat.
881 4214 902 4260 c)
916 4212 1016 4250 millione
1030 4212 1057 4253 A.
1111 4209 1134 4260 (1)
1149 4211 1250 4252 Alchislo
1264 4213 1309 4254 hl.
1324 4215 1355 4264 Δς

183 4267 212 4312 ct.
222 4276 246 4312 p,
256 4266 289 4307 42.
344 4267 365 4313 e)
379 4263 486 4306 viderent
499 4267 525 4308 A.
580 4267 599 4314 s)
613 4263 697 4314 dellnq.
711 4266 737 4308 Β.

184 4388 210 4455 1)
227 4389 307 4440 Hunc
324 4389 394 4442 diem
412 4405 444 4442 ee
464 4391 518 4442 loco
535 4391 675 4442 danaum
687 4390 751 4446 Fed.
770 4391 818 4456 qui
831 4391 916 4457 periit
933 4397 1068 4457 coemptum
1086 4406 1139 4443 esse
1156 4395 1277 4458 apparet,
1297 4405 1356 4440 cuci

183 4467 207 4511 et
226 4461 297 4511 Anu.
317 4460 424 4514 Medici.
443 4463 508 4514 min.
528 4462 620 4527 (infra
636 4479 664 4528 p.
678 4462 726 4524 69)
745 4461 854 4514 medem
873 4461 994 4516 habant.
